%YAML 1.1
%TAG !u! tag:unity3d.com,2011:
--- !u!29 &1
SceneSettings:
  m_ObjectHideFlags: 0
  m_PVSData: 
  m_PVSObjectsArray: []
  m_PVSPortalsArray: []
  m_OcclusionBakeSettings:
    smallestOccluder: 5
    smallestHole: .25
    backfaceThreshold: 100
--- !u!104 &2
RenderSettings:
  m_Fog: 0
  m_FogColor: {r: .5, g: .5, b: .5, a: 1}
  m_FogMode: 3
  m_FogDensity: .00999999978
  m_LinearFogStart: 0
  m_LinearFogEnd: 300
  m_AmbientLight: {r: .200000003, g: .200000003, b: .200000003, a: 1}
  m_SkyboxMaterial: {fileID: 0}
  m_HaloStrength: .5
  m_FlareStrength: 1
  m_FlareFadeSpeed: 3
  m_HaloTexture: {fileID: 0}
  m_SpotCookie: {fileID: 0}
  m_ObjectHideFlags: 0
--- !u!127 &3
LevelGameManager:
  m_ObjectHideFlags: 0
--- !u!157 &4
LightmapSettings:
  m_ObjectHideFlags: 0
  m_LightProbes: {fileID: 0}
  m_Lightmaps: []
  m_LightmapsMode: 1
  m_BakedColorSpace: 0
  m_UseDualLightmapsInForward: 0
  m_LightmapEditorSettings:
    m_Resolution: 50
    m_LastUsedResolution: 0
    m_TextureWidth: 1024
    m_TextureHeight: 1024
    m_BounceBoost: 1
    m_BounceIntensity: 1
    m_SkyLightColor: {r: .860000014, g: .930000007, b: 1, a: 1}
    m_SkyLightIntensity: 0
    m_Quality: 0
    m_Bounces: 1
    m_FinalGatherRays: 1000
    m_FinalGatherContrastThreshold: .0500000007
    m_FinalGatherGradientThreshold: 0
    m_FinalGatherInterpolationPoints: 15
    m_AOAmount: 0
    m_AOMaxDistance: .100000001
    m_AOContrast: 1
    m_LODSurfaceMappingDistance: 1
    m_Padding: 0
    m_TextureCompression: 0
    m_LockAtlas: 0
--- !u!196 &5
NavMeshSettings:
  m_ObjectHideFlags: 0
  m_BuildSettings:
    agentRadius: .5
    agentHeight: 2
    agentSlope: 45
    agentClimb: .400000006
    ledgeDropHeight: 0
    maxJumpAcrossDistance: 0
    accuratePlacement: 0
    minRegionArea: 2
    widthInaccuracy: 16.666666
    heightInaccuracy: 10
  m_NavMesh: {fileID: 0}
--- !u!1 &55388576
GameObject:
  m_ObjectHideFlags: 0
  m_PrefabParentObject: {fileID: 139172, guid: e243f592d85cca441a6c6697432ef9e3, type: 2}
  m_PrefabInternal: {fileID: 1209635448}
  serializedVersion: 4
  m_Component:
  - 4: {fileID: 55388577}
  - 58: {fileID: 55388578}
  m_Layer: 9
  m_Name: up
  m_TagString: Untagged
  m_Icon: {fileID: 0}
  m_NavMeshLayer: 0
  m_StaticEditorFlags: 0
  m_IsActive: 1
--- !u!4 &55388577
Transform:
  m_ObjectHideFlags: 0
  m_PrefabParentObject: {fileID: 439172, guid: e243f592d85cca441a6c6697432ef9e3, type: 2}
  m_PrefabInternal: {fileID: 1209635448}
  m_GameObject: {fileID: 55388576}
  m_LocalRotation: {x: 0, y: 0, z: 0, w: 1}
  m_LocalPosition: {x: 0, y: 1, z: 0}
  m_LocalScale: {x: 1, y: 1, z: 1}
  m_Children: []
  m_Father: {fileID: 1020254245}
  m_RootOrder: 0
--- !u!58 &55388578
CircleCollider2D:
  m_ObjectHideFlags: 0
  m_PrefabParentObject: {fileID: 5839186, guid: e243f592d85cca441a6c6697432ef9e3,
    type: 2}
  m_PrefabInternal: {fileID: 1209635448}
  m_GameObject: {fileID: 55388576}
  m_Enabled: 1
  m_Material: {fileID: 0}
  m_IsTrigger: 1
  m_Radius: 1
  m_Center: {x: 0, y: 0}
--- !u!1 &82329534
GameObject:
  m_ObjectHideFlags: 0
  m_PrefabParentObject: {fileID: 100020, guid: 899fff93769664df79b832e7ced8b40a, type: 2}
  m_PrefabInternal: {fileID: 1332276946}
  serializedVersion: 4
  m_Component:
  - 4: {fileID: 82329535}
  - 212: {fileID: 82329536}
  m_Layer: 0
  m_Name: Arm_R_Lower
  m_TagString: Untagged
  m_Icon: {fileID: 0}
  m_NavMeshLayer: 0
  m_StaticEditorFlags: 0
  m_IsActive: 1
--- !u!4 &82329535
Transform:
  m_ObjectHideFlags: 0
  m_PrefabParentObject: {fileID: 400020, guid: 899fff93769664df79b832e7ced8b40a, type: 2}
  m_PrefabInternal: {fileID: 1332276946}
  m_GameObject: {fileID: 82329534}
  m_LocalRotation: {x: 0, y: 0, z: 0, w: 1}
  m_LocalPosition: {x: 0, y: 0, z: 0}
  m_LocalScale: {x: 1, y: 1, z: 1}
  m_Children: []
  m_Father: {fileID: 459936193}
  m_RootOrder: 1
--- !u!212 &82329536
SpriteRenderer:
  m_ObjectHideFlags: 0
  m_PrefabParentObject: {fileID: 21200014, guid: 899fff93769664df79b832e7ced8b40a,
    type: 2}
  m_PrefabInternal: {fileID: 1332276946}
  m_GameObject: {fileID: 82329534}
  m_Enabled: 1
  m_CastShadows: 0
  m_ReceiveShadows: 0
  m_LightmapIndex: 255
  m_LightmapTilingOffset: {x: 1, y: 1, z: 0, w: 0}
  m_Materials:
  - {fileID: 10754, guid: 0000000000000000e000000000000000, type: 0}
  m_SubsetIndices: 
  m_StaticBatchRoot: {fileID: 0}
  m_UseLightProbes: 0
  m_LightProbeAnchor: {fileID: 0}
  m_ScaleInLightmap: 1
  m_SortingLayerID: 2399092869
  m_SortingOrder: 0
  m_Sprite: {fileID: 0}
  m_Color: {r: 1, g: 1, b: 1, a: 1}
--- !u!1 &86594167
GameObject:
  m_ObjectHideFlags: 0
  m_PrefabParentObject: {fileID: 100022, guid: 899fff93769664df79b832e7ced8b40a, type: 2}
  m_PrefabInternal: {fileID: 1332276946}
  serializedVersion: 4
  m_Component:
  - 4: {fileID: 86594168}
  m_Layer: 0
  m_Name: Player_LeftLeg
  m_TagString: Untagged
  m_Icon: {fileID: 0}
  m_NavMeshLayer: 0
  m_StaticEditorFlags: 0
  m_IsActive: 1
--- !u!4 &86594168
Transform:
  m_ObjectHideFlags: 0
  m_PrefabParentObject: {fileID: 400022, guid: 899fff93769664df79b832e7ced8b40a, type: 2}
  m_PrefabInternal: {fileID: 1332276946}
  m_GameObject: {fileID: 86594167}
  m_LocalRotation: {x: 0, y: 0, z: 0, w: 1}
  m_LocalPosition: {x: .268869996, y: -.0334700011, z: 0}
  m_LocalScale: {x: 1, y: 1, z: 1}
  m_Children:
  - {fileID: 171468393}
  m_Father: {fileID: 1171842116}
  m_RootOrder: 1
--- !u!1 &171468392
GameObject:
  m_ObjectHideFlags: 0
  m_PrefabParentObject: {fileID: 100002, guid: 899fff93769664df79b832e7ced8b40a, type: 2}
  m_PrefabInternal: {fileID: 1332276946}
  serializedVersion: 4
  m_Component:
  - 4: {fileID: 171468393}
  - 212: {fileID: 171468394}
  m_Layer: 0
  m_Name: Player_L_Upper
  m_TagString: Untagged
  m_Icon: {fileID: 0}
  m_NavMeshLayer: 0
  m_StaticEditorFlags: 0
  m_IsActive: 1
--- !u!4 &171468393
Transform:
  m_ObjectHideFlags: 0
  m_PrefabParentObject: {fileID: 400002, guid: 899fff93769664df79b832e7ced8b40a, type: 2}
  m_PrefabInternal: {fileID: 1332276946}
  m_GameObject: {fileID: 171468392}
  m_LocalRotation: {x: 0, y: 0, z: 0, w: 1}
  m_LocalPosition: {x: .00561599992, y: -.0168479998, z: 0}
  m_LocalScale: {x: 1, y: 1, z: 1}
  m_Children:
  - {fileID: 823708165}
  m_Father: {fileID: 86594168}
  m_RootOrder: 0
--- !u!212 &171468394
SpriteRenderer:
  m_ObjectHideFlags: 0
  m_PrefabParentObject: {fileID: 21200002, guid: 899fff93769664df79b832e7ced8b40a,
    type: 2}
  m_PrefabInternal: {fileID: 1332276946}
  m_GameObject: {fileID: 171468392}
  m_Enabled: 1
  m_CastShadows: 0
  m_ReceiveShadows: 0
  m_LightmapIndex: 255
  m_LightmapTilingOffset: {x: 1, y: 1, z: 0, w: 0}
  m_Materials:
  - {fileID: 10754, guid: 0000000000000000e000000000000000, type: 0}
  m_SubsetIndices: 
  m_StaticBatchRoot: {fileID: 0}
  m_UseLightProbes: 0
  m_LightProbeAnchor: {fileID: 0}
  m_ScaleInLightmap: 1
  m_SortingLayerID: 2399092869
  m_SortingOrder: -1
  m_Sprite: {fileID: 21300020, guid: eca56989dc81a4df8b54c2aaaac230cb, type: 3}
  m_Color: {r: 1, g: 1, b: 1, a: 1}
--- !u!1 &298830778
GameObject:
  m_ObjectHideFlags: 0
  m_PrefabParentObject: {fileID: 100036, guid: 899fff93769664df79b832e7ced8b40a, type: 2}
  m_PrefabInternal: {fileID: 1332276946}
  serializedVersion: 4
  m_Component:
  - 4: {fileID: 298830779}
  - 212: {fileID: 298830780}
  m_Layer: 0
  m_Name: Player_R_Hand
  m_TagString: Untagged
  m_Icon: {fileID: 0}
  m_NavMeshLayer: 0
  m_StaticEditorFlags: 0
  m_IsActive: 1
--- !u!4 &298830779
Transform:
  m_ObjectHideFlags: 0
  m_PrefabParentObject: {fileID: 400036, guid: 899fff93769664df79b832e7ced8b40a, type: 2}
  m_PrefabInternal: {fileID: 1332276946}
  m_GameObject: {fileID: 298830778}
  m_LocalRotation: {x: 0, y: 0, z: 0, w: 1}
  m_LocalPosition: {x: -.408450007, y: -.191469997, z: 0}
  m_LocalScale: {x: 1, y: 1, z: 1}
  m_Children: []
  m_Father: {fileID: 459936193}
  m_RootOrder: 0
--- !u!212 &298830780
SpriteRenderer:
  m_ObjectHideFlags: 0
  m_PrefabParentObject: {fileID: 21200024, guid: 899fff93769664df79b832e7ced8b40a,
    type: 2}
  m_PrefabInternal: {fileID: 1332276946}
  m_GameObject: {fileID: 298830778}
  m_Enabled: 1
  m_CastShadows: 0
  m_ReceiveShadows: 0
  m_LightmapIndex: 255
  m_LightmapTilingOffset: {x: 1, y: 1, z: 0, w: 0}
  m_Materials:
  - {fileID: 10754, guid: 0000000000000000e000000000000000, type: 0}
  m_SubsetIndices: 
  m_StaticBatchRoot: {fileID: 0}
  m_UseLightProbes: 0
  m_LightProbeAnchor: {fileID: 0}
  m_ScaleInLightmap: 1
  m_SortingLayerID: 2399092869
  m_SortingOrder: 0
  m_Sprite: {fileID: 21300054, guid: eca56989dc81a4df8b54c2aaaac230cb, type: 3}
  m_Color: {r: 1, g: 1, b: 1, a: 1}
--- !u!1 &330813299
GameObject:
  m_ObjectHideFlags: 0
  m_PrefabParentObject: {fileID: 139170, guid: e243f592d85cca441a6c6697432ef9e3, type: 2}
  m_PrefabInternal: {fileID: 1209635448}
  serializedVersion: 4
  m_Component:
  - 4: {fileID: 330813300}
  - 212: {fileID: 330813301}
  m_Layer: 9
  m_Name: WeaponPoint_R
  m_TagString: Weapon
  m_Icon: {fileID: 0}
  m_NavMeshLayer: 0
  m_StaticEditorFlags: 0
  m_IsActive: 1
--- !u!4 &330813300
Transform:
  m_ObjectHideFlags: 0
  m_PrefabParentObject: {fileID: 439170, guid: e243f592d85cca441a6c6697432ef9e3, type: 2}
  m_PrefabInternal: {fileID: 1209635448}
  m_GameObject: {fileID: 330813299}
  m_LocalRotation: {x: 0, y: 0, z: -.537753105, w: .843102396}
  m_LocalPosition: {x: .444255948, y: .316357076, z: 0}
  m_LocalScale: {x: 1.28886819, y: -1.28886819, z: 1}
  m_Children: []
  m_Father: {fileID: 913338834}
  m_RootOrder: 0
--- !u!212 &330813301
SpriteRenderer:
  m_ObjectHideFlags: 0
  m_PrefabParentObject: {fileID: 21239178, guid: e243f592d85cca441a6c6697432ef9e3,
    type: 2}
  m_PrefabInternal: {fileID: 1209635448}
  m_GameObject: {fileID: 330813299}
  m_Enabled: 1
  m_CastShadows: 0
  m_ReceiveShadows: 0
  m_LightmapIndex: 255
  m_LightmapTilingOffset: {x: 1, y: 1, z: 0, w: 0}
  m_Materials:
  - {fileID: 10754, guid: 0000000000000000e000000000000000, type: 0}
  m_SubsetIndices: 
  m_StaticBatchRoot: {fileID: 0}
  m_UseLightProbes: 0
  m_LightProbeAnchor: {fileID: 0}
  m_ScaleInLightmap: 1
  m_SortingLayerID: 2399092869
  m_SortingOrder: 0
  m_Sprite: {fileID: 0}
  m_Color: {r: 1, g: 1, b: 1, a: 1}
--- !u!1 &459936192
GameObject:
  m_ObjectHideFlags: 0
  m_PrefabParentObject: {fileID: 100028, guid: 899fff93769664df79b832e7ced8b40a, type: 2}
  m_PrefabInternal: {fileID: 1332276946}
  serializedVersion: 4
  m_Component:
  - 4: {fileID: 459936193}
  - 212: {fileID: 459936194}
  m_Layer: 0
  m_Name: Player_R_Lower
  m_TagString: Untagged
  m_Icon: {fileID: 0}
  m_NavMeshLayer: 0
  m_StaticEditorFlags: 0
  m_IsActive: 1
--- !u!4 &459936193
Transform:
  m_ObjectHideFlags: 0
  m_PrefabParentObject: {fileID: 400028, guid: 899fff93769664df79b832e7ced8b40a, type: 2}
  m_PrefabInternal: {fileID: 1332276946}
  m_GameObject: {fileID: 459936192}
  m_LocalRotation: {x: 0, y: 0, z: 0, w: 1}
  m_LocalPosition: {x: -.367159992, y: -.24605003, z: 0}
  m_LocalScale: {x: 1, y: 1, z: 1}
  m_Children:
  - {fileID: 298830779}
  - {fileID: 82329535}
  m_Father: {fileID: 967033906}
  m_RootOrder: 0
--- !u!212 &459936194
SpriteRenderer:
  m_ObjectHideFlags: 0
  m_PrefabParentObject: {fileID: 21200020, guid: 899fff93769664df79b832e7ced8b40a,
    type: 2}
  m_PrefabInternal: {fileID: 1332276946}
  m_GameObject: {fileID: 459936192}
  m_Enabled: 1
  m_CastShadows: 0
  m_ReceiveShadows: 0
  m_LightmapIndex: 255
  m_LightmapTilingOffset: {x: 1, y: 1, z: 0, w: 0}
  m_Materials:
  - {fileID: 10754, guid: 0000000000000000e000000000000000, type: 0}
  m_SubsetIndices: 
  m_StaticBatchRoot: {fileID: 0}
  m_UseLightProbes: 0
  m_LightProbeAnchor: {fileID: 0}
  m_ScaleInLightmap: 1
  m_SortingLayerID: 2399092869
  m_SortingOrder: 0
  m_Sprite: {fileID: 21300034, guid: eca56989dc81a4df8b54c2aaaac230cb, type: 3}
  m_Color: {r: 1, g: 1, b: 1, a: 1}
--- !u!1 &496859975
GameObject:
  m_ObjectHideFlags: 0
  m_PrefabParentObject: {fileID: 100006, guid: 899fff93769664df79b832e7ced8b40a, type: 2}
  m_PrefabInternal: {fileID: 1332276946}
  serializedVersion: 4
  m_Component:
  - 4: {fileID: 496859976}
  - 212: {fileID: 496859977}
  m_Layer: 0
  m_Name: Player_L_Foot
  m_TagString: Untagged
  m_Icon: {fileID: 0}
  m_NavMeshLayer: 0
  m_StaticEditorFlags: 0
  m_IsActive: 1
--- !u!4 &496859976
Transform:
  m_ObjectHideFlags: 0
  m_PrefabParentObject: {fileID: 400006, guid: 899fff93769664df79b832e7ced8b40a, type: 2}
  m_PrefabInternal: {fileID: 1332276946}
  m_GameObject: {fileID: 496859975}
  m_LocalRotation: {x: 0, y: 0, z: 0, w: 1}
  m_LocalPosition: {x: -.0536499992, y: -.174140006, z: 0}
  m_LocalScale: {x: 1, y: 1, z: 1}
  m_Children: []
  m_Father: {fileID: 823708165}
  m_RootOrder: 0
--- !u!212 &496859977
SpriteRenderer:
  m_ObjectHideFlags: 0
  m_PrefabParentObject: {fileID: 21200004, guid: 899fff93769664df79b832e7ced8b40a,
    type: 2}
  m_PrefabInternal: {fileID: 1332276946}
  m_GameObject: {fileID: 496859975}
  m_Enabled: 1
  m_CastShadows: 0
  m_ReceiveShadows: 0
  m_LightmapIndex: 255
  m_LightmapTilingOffset: {x: 1, y: 1, z: 0, w: 0}
  m_Materials:
  - {fileID: 10754, guid: 0000000000000000e000000000000000, type: 0}
  m_SubsetIndices: 
  m_StaticBatchRoot: {fileID: 0}
  m_UseLightProbes: 0
  m_LightProbeAnchor: {fileID: 0}
  m_ScaleInLightmap: 1
  m_SortingLayerID: 0
  m_SortingOrder: -1
  m_Sprite: {fileID: 21300044, guid: eca56989dc81a4df8b54c2aaaac230cb, type: 3}
  m_Color: {r: 1, g: 1, b: 1, a: 1}
--- !u!1 &500681889
GameObject:
  m_ObjectHideFlags: 0
  m_PrefabParentObject: {fileID: 100052, guid: 899fff93769664df79b832e7ced8b40a, type: 2}
  m_PrefabInternal: {fileID: 1332276946}
  serializedVersion: 4
  m_Component:
  - 4: {fileID: 500681890}
  m_Layer: 0
  m_Name: Player_LeftArm
  m_TagString: Untagged
  m_Icon: {fileID: 0}
  m_NavMeshLayer: 0
  m_StaticEditorFlags: 0
  m_IsActive: 1
--- !u!4 &500681890
Transform:
  m_ObjectHideFlags: 0
  m_PrefabParentObject: {fileID: 400052, guid: 899fff93769664df79b832e7ced8b40a, type: 2}
  m_PrefabInternal: {fileID: 1332276946}
  m_GameObject: {fileID: 500681889}
  m_LocalRotation: {x: 0, y: 0, z: 0, w: 1}
  m_LocalPosition: {x: .303200006, y: -.105240002, z: 0}
  m_LocalScale: {x: 1, y: 1, z: 1}
  m_Children:
  - {fileID: 1730620891}
  m_Father: {fileID: 1330105075}
  m_RootOrder: 0
--- !u!1 &530019346
GameObject:
  m_ObjectHideFlags: 0
  m_PrefabParentObject: {fileID: 139178, guid: e243f592d85cca441a6c6697432ef9e3, type: 2}
  m_PrefabInternal: {fileID: 1209635448}
  serializedVersion: 4
  m_Component:
  - 4: {fileID: 530019347}
  - 212: {fileID: 530019348}
  m_Layer: 11
  m_Name: Head
  m_TagString: Untagged
  m_Icon: {fileID: 0}
  m_NavMeshLayer: 0
  m_StaticEditorFlags: 0
  m_IsActive: 1
--- !u!4 &530019347
Transform:
  m_ObjectHideFlags: 0
  m_PrefabParentObject: {fileID: 439178, guid: e243f592d85cca441a6c6697432ef9e3, type: 2}
  m_PrefabInternal: {fileID: 1209635448}
  m_GameObject: {fileID: 530019346}
  m_LocalRotation: {x: 0, y: 0, z: 0, w: 1}
  m_LocalPosition: {x: -.0449489988, y: .66911, z: 0}
  m_LocalScale: {x: 1, y: 1, z: 1}
  m_Children:
  - {fileID: 672980619}
  - {fileID: 1035661952}
  m_Father: {fileID: 806736817}
  m_RootOrder: 1
--- !u!212 &530019348
SpriteRenderer:
  m_ObjectHideFlags: 0
  m_PrefabParentObject: {fileID: 21239184, guid: e243f592d85cca441a6c6697432ef9e3,
    type: 2}
  m_PrefabInternal: {fileID: 1209635448}
  m_GameObject: {fileID: 530019346}
  m_Enabled: 1
  m_CastShadows: 0
  m_ReceiveShadows: 0
  m_LightmapIndex: 255
  m_LightmapTilingOffset: {x: 1, y: 1, z: 0, w: 0}
  m_Materials:
  - {fileID: 10754, guid: 0000000000000000e000000000000000, type: 0}
  m_SubsetIndices: 
  m_StaticBatchRoot: {fileID: 0}
  m_UseLightProbes: 0
  m_LightProbeAnchor: {fileID: 0}
  m_ScaleInLightmap: 1
  m_SortingLayerID: 2399092869
  m_SortingOrder: 2
  m_Sprite: {fileID: 21300000, guid: 4490f1412dc994f388fc54fca1b26794, type: 3}
  m_Color: {r: 1, g: 1, b: 1, a: 1}
--- !u!1 &672980618
GameObject:
  m_ObjectHideFlags: 0
  m_PrefabParentObject: {fileID: 139190, guid: e243f592d85cca441a6c6697432ef9e3, type: 2}
  m_PrefabInternal: {fileID: 1209635448}
  serializedVersion: 4
  m_Component:
  - 4: {fileID: 672980619}
  - 212: {fileID: 672980620}
  m_Layer: 11
  m_Name: HatPoint
  m_TagString: Untagged
  m_Icon: {fileID: 0}
  m_NavMeshLayer: 0
  m_StaticEditorFlags: 0
  m_IsActive: 1
--- !u!4 &672980619
Transform:
  m_ObjectHideFlags: 0
  m_PrefabParentObject: {fileID: 439190, guid: e243f592d85cca441a6c6697432ef9e3, type: 2}
  m_PrefabInternal: {fileID: 1209635448}
  m_GameObject: {fileID: 672980618}
  m_LocalRotation: {x: 0, y: 0, z: -.0517244227, w: .998661399}
  m_LocalPosition: {x: -.0342479981, y: .228049994, z: 0}
  m_LocalScale: {x: 2, y: 2, z: 1}
  m_Children: []
  m_Father: {fileID: 530019347}
  m_RootOrder: 0
--- !u!212 &672980620
SpriteRenderer:
  m_ObjectHideFlags: 0
  m_PrefabParentObject: {fileID: 21239190, guid: e243f592d85cca441a6c6697432ef9e3,
    type: 2}
  m_PrefabInternal: {fileID: 1209635448}
  m_GameObject: {fileID: 672980618}
  m_Enabled: 1
  m_CastShadows: 0
  m_ReceiveShadows: 0
  m_LightmapIndex: 255
  m_LightmapTilingOffset: {x: 1, y: 1, z: 0, w: 0}
  m_Materials:
  - {fileID: 10754, guid: 0000000000000000e000000000000000, type: 0}
  m_SubsetIndices: 
  m_StaticBatchRoot: {fileID: 0}
  m_UseLightProbes: 0
  m_LightProbeAnchor: {fileID: 0}
  m_ScaleInLightmap: 1
  m_SortingLayerID: 2399092869
  m_SortingOrder: 1
  m_Sprite: {fileID: 0}
  m_Color: {r: 1, g: 1, b: 1, a: 1}
--- !u!1 &727264649
GameObject:
  m_ObjectHideFlags: 0
  m_PrefabParentObject: {fileID: 100032, guid: 899fff93769664df79b832e7ced8b40a, type: 2}
  m_PrefabInternal: {fileID: 1332276946}
  serializedVersion: 4
  m_Component:
  - 4: {fileID: 727264650}
  m_Layer: 0
  m_Name: Player_RightArm
  m_TagString: Untagged
  m_Icon: {fileID: 0}
  m_NavMeshLayer: 0
  m_StaticEditorFlags: 0
  m_IsActive: 1
--- !u!4 &727264650
Transform:
  m_ObjectHideFlags: 0
  m_PrefabParentObject: {fileID: 400032, guid: 899fff93769664df79b832e7ced8b40a, type: 2}
  m_PrefabInternal: {fileID: 1332276946}
  m_GameObject: {fileID: 727264649}
  m_LocalRotation: {x: 0, y: 0, z: 0, w: 1}
  m_LocalPosition: {x: -.286799997, y: -.131449997, z: 0}
  m_LocalScale: {x: 1, y: 1, z: 1}
  m_Children:
  - {fileID: 967033906}
  m_Father: {fileID: 1330105075}
  m_RootOrder: 1
--- !u!1 &806736816
GameObject:
  m_ObjectHideFlags: 0
  m_PrefabParentObject: {fileID: 139192, guid: e243f592d85cca441a6c6697432ef9e3, type: 2}
  m_PrefabInternal: {fileID: 1209635448}
  serializedVersion: 4
  m_Component:
  - 4: {fileID: 806736817}
  - 212: {fileID: 806736818}
  m_Layer: 11
  m_Name: Torso
  m_TagString: Untagged
  m_Icon: {fileID: 0}
  m_NavMeshLayer: 0
  m_StaticEditorFlags: 0
  m_IsActive: 1
--- !u!4 &806736817
Transform:
  m_ObjectHideFlags: 0
  m_PrefabParentObject: {fileID: 439192, guid: e243f592d85cca441a6c6697432ef9e3, type: 2}
  m_PrefabInternal: {fileID: 1209635448}
  m_GameObject: {fileID: 806736816}
  m_LocalRotation: {x: 0, y: 0, z: .0517244264, w: .998661399}
  m_LocalPosition: {x: -.0101184808, y: .105449677, z: 0}
  m_LocalScale: {x: 1, y: 1, z: 1}
  m_Children:
  - {fileID: 1147574581}
  - {fileID: 530019347}
  - {fileID: 1950881367}
  - {fileID: 913338834}
  m_Father: {fileID: 1660026711}
  m_RootOrder: 2
--- !u!212 &806736818
SpriteRenderer:
  m_ObjectHideFlags: 0
  m_PrefabParentObject: {fileID: 21239192, guid: e243f592d85cca441a6c6697432ef9e3,
    type: 2}
  m_PrefabInternal: {fileID: 1209635448}
  m_GameObject: {fileID: 806736816}
  m_Enabled: 1
  m_CastShadows: 0
  m_ReceiveShadows: 0
  m_LightmapIndex: 255
  m_LightmapTilingOffset: {x: 1, y: 1, z: 0, w: 0}
  m_Materials:
  - {fileID: 10754, guid: 0000000000000000e000000000000000, type: 0}
  m_SubsetIndices: 
  m_StaticBatchRoot: {fileID: 0}
  m_UseLightProbes: 0
  m_LightProbeAnchor: {fileID: 0}
  m_ScaleInLightmap: 1
  m_SortingLayerID: 2399092869
  m_SortingOrder: 0
  m_Sprite: {fileID: 21300012, guid: 4490f1412dc994f388fc54fca1b26794, type: 3}
  m_Color: {r: 1, g: 1, b: 1, a: 1}
--- !u!1 &823708164
GameObject:
  m_ObjectHideFlags: 0
  m_PrefabParentObject: {fileID: 100040, guid: 899fff93769664df79b832e7ced8b40a, type: 2}
  m_PrefabInternal: {fileID: 1332276946}
  serializedVersion: 4
  m_Component:
  - 4: {fileID: 823708165}
  - 212: {fileID: 823708166}
  m_Layer: 0
  m_Name: Player_L_Lower
  m_TagString: Untagged
  m_Icon: {fileID: 0}
  m_NavMeshLayer: 0
  m_StaticEditorFlags: 0
  m_IsActive: 1
--- !u!4 &823708165
Transform:
  m_ObjectHideFlags: 0
  m_PrefabParentObject: {fileID: 400040, guid: 899fff93769664df79b832e7ced8b40a, type: 2}
  m_PrefabInternal: {fileID: 1332276946}
  m_GameObject: {fileID: 823708164}
  m_LocalRotation: {x: 0, y: 0, z: 0, w: 1}
  m_LocalPosition: {x: .00369839999, y: -.269560009, z: 0}
  m_LocalScale: {x: 1, y: 1, z: 1}
  m_Children:
  - {fileID: 496859976}
  m_Father: {fileID: 171468393}
  m_RootOrder: 0
--- !u!212 &823708166
SpriteRenderer:
  m_ObjectHideFlags: 0
  m_PrefabParentObject: {fileID: 21200028, guid: 899fff93769664df79b832e7ced8b40a,
    type: 2}
  m_PrefabInternal: {fileID: 1332276946}
  m_GameObject: {fileID: 823708164}
  m_Enabled: 1
  m_CastShadows: 0
  m_ReceiveShadows: 0
  m_LightmapIndex: 255
  m_LightmapTilingOffset: {x: 1, y: 1, z: 0, w: 0}
  m_Materials:
  - {fileID: 10754, guid: 0000000000000000e000000000000000, type: 0}
  m_SubsetIndices: 
  m_StaticBatchRoot: {fileID: 0}
  m_UseLightProbes: 0
  m_LightProbeAnchor: {fileID: 0}
  m_ScaleInLightmap: 1
  m_SortingLayerID: 2399092869
  m_SortingOrder: -1
  m_Sprite: {fileID: 21300038, guid: eca56989dc81a4df8b54c2aaaac230cb, type: 3}
  m_Color: {r: 1, g: 1, b: 1, a: 1}
--- !u!1 &913338833
GameObject:
  m_ObjectHideFlags: 0
  m_PrefabParentObject: {fileID: 139160, guid: e243f592d85cca441a6c6697432ef9e3, type: 2}
  m_PrefabInternal: {fileID: 1209635448}
  serializedVersion: 4
  m_Component:
  - 4: {fileID: 913338834}
  - 212: {fileID: 913338835}
  m_Layer: 9
  m_Name: R_Arm
  m_TagString: Untagged
  m_Icon: {fileID: 0}
  m_NavMeshLayer: 0
  m_StaticEditorFlags: 0
  m_IsActive: 1
--- !u!4 &913338834
Transform:
  m_ObjectHideFlags: 0
  m_PrefabParentObject: {fileID: 439160, guid: e243f592d85cca441a6c6697432ef9e3, type: 2}
  m_PrefabInternal: {fileID: 1209635448}
  m_GameObject: {fileID: 913338833}
  m_LocalRotation: {x: 0, y: 0, z: .493424267, w: .869788826}
  m_LocalPosition: {x: .206699431, y: .273059726, z: 0}
  m_LocalScale: {x: -1, y: 1, z: 1}
  m_Children:
  - {fileID: 330813300}
  m_Father: {fileID: 806736817}
  m_RootOrder: 3
--- !u!212 &913338835
SpriteRenderer:
  m_ObjectHideFlags: 0
  m_PrefabParentObject: {fileID: 21239170, guid: e243f592d85cca441a6c6697432ef9e3,
    type: 2}
  m_PrefabInternal: {fileID: 1209635448}
  m_GameObject: {fileID: 913338833}
  m_Enabled: 1
  m_CastShadows: 0
  m_ReceiveShadows: 0
  m_LightmapIndex: 255
  m_LightmapTilingOffset: {x: 1, y: 1, z: 0, w: 0}
  m_Materials:
  - {fileID: 10754, guid: 0000000000000000e000000000000000, type: 0}
  m_SubsetIndices: 
  m_StaticBatchRoot: {fileID: 0}
  m_UseLightProbes: 0
  m_LightProbeAnchor: {fileID: 0}
  m_ScaleInLightmap: 1
  m_SortingLayerID: 2399092869
  m_SortingOrder: -1
  m_Sprite: {fileID: 21300006, guid: 4490f1412dc994f388fc54fca1b26794, type: 3}
  m_Color: {r: 1, g: 1, b: 1, a: 1}
--- !u!1 &922617369
GameObject:
  m_ObjectHideFlags: 0
  m_PrefabParentObject: {fileID: 100030, guid: 899fff93769664df79b832e7ced8b40a, type: 2}
  m_PrefabInternal: {fileID: 1332276946}
  serializedVersion: 4
  m_Component:
  - 4: {fileID: 922617370}
  - 95: {fileID: 922617371}
  m_Layer: 0
  m_Name: PlayerRedux
  m_TagString: Untagged
  m_Icon: {fileID: 0}
  m_NavMeshLayer: 0
  m_StaticEditorFlags: 0
  m_IsActive: 1
--- !u!4 &922617370
Transform:
  m_ObjectHideFlags: 0
  m_PrefabParentObject: {fileID: 400030, guid: 899fff93769664df79b832e7ced8b40a, type: 2}
  m_PrefabInternal: {fileID: 1332276946}
  m_GameObject: {fileID: 922617369}
  m_LocalRotation: {x: 0, y: 0, z: 0, w: 1}
  m_LocalPosition: {x: -.140120044, y: .198380157, z: 0}
  m_LocalScale: {x: 1, y: 1, z: 1}
  m_Children:
  - {fileID: 1839907607}
  m_Father: {fileID: 0}
  m_RootOrder: 1
--- !u!95 &922617371
Animator:
  serializedVersion: 3
  m_ObjectHideFlags: 0
  m_PrefabParentObject: {fileID: 9500000, guid: 899fff93769664df79b832e7ced8b40a,
    type: 2}
  m_PrefabInternal: {fileID: 1332276946}
  m_GameObject: {fileID: 922617369}
  m_Enabled: 1
  m_Avatar: {fileID: 0}
  m_Controller: {fileID: 9100000, guid: 9a5208ac650d149a38599a9ac70215fa, type: 2}
  m_CullingMode: 0
  m_UpdateMode: 0
  m_ApplyRootMotion: 1
  m_HasTransformHierarchy: 1
  m_AllowConstantClipSamplingOptimization: 1
--- !u!1 &952836294
GameObject:
  m_ObjectHideFlags: 0
  m_PrefabParentObject: {fileID: 100026, guid: 899fff93769664df79b832e7ced8b40a, type: 2}
  m_PrefabInternal: {fileID: 1332276946}
  serializedVersion: 4
  m_Component:
  - 4: {fileID: 952836295}
  - 212: {fileID: 952836296}
  m_Layer: 0
  m_Name: Player_R_Lower
  m_TagString: Untagged
  m_Icon: {fileID: 0}
  m_NavMeshLayer: 0
  m_StaticEditorFlags: 0
  m_IsActive: 1
--- !u!4 &952836295
Transform:
  m_ObjectHideFlags: 0
  m_PrefabParentObject: {fileID: 400026, guid: 899fff93769664df79b832e7ced8b40a, type: 2}
  m_PrefabInternal: {fileID: 1332276946}
  m_GameObject: {fileID: 952836294}
  m_LocalRotation: {x: 0, y: 0, z: 0, w: 1}
  m_LocalPosition: {x: -.000393599999, y: -.254290015, z: 0}
  m_LocalScale: {x: 1, y: 1, z: 1}
  m_Children:
  - {fileID: 1348609918}
  m_Father: {fileID: 1553616535}
  m_RootOrder: 0
--- !u!212 &952836296
SpriteRenderer:
  m_ObjectHideFlags: 0
  m_PrefabParentObject: {fileID: 21200018, guid: 899fff93769664df79b832e7ced8b40a,
    type: 2}
  m_PrefabInternal: {fileID: 1332276946}
  m_GameObject: {fileID: 952836294}
  m_Enabled: 1
  m_CastShadows: 0
  m_ReceiveShadows: 0
  m_LightmapIndex: 255
  m_LightmapTilingOffset: {x: 1, y: 1, z: 0, w: 0}
  m_Materials:
  - {fileID: 10754, guid: 0000000000000000e000000000000000, type: 0}
  m_SubsetIndices: 
  m_StaticBatchRoot: {fileID: 0}
  m_UseLightProbes: 0
  m_LightProbeAnchor: {fileID: 0}
  m_ScaleInLightmap: 1
  m_SortingLayerID: 2399092869
  m_SortingOrder: -1
  m_Sprite: {fileID: 21300036, guid: eca56989dc81a4df8b54c2aaaac230cb, type: 3}
  m_Color: {r: 1, g: 1, b: 1, a: 1}
--- !u!1 &967033905
GameObject:
  m_ObjectHideFlags: 0
  m_PrefabParentObject: {fileID: 100012, guid: 899fff93769664df79b832e7ced8b40a, type: 2}
  m_PrefabInternal: {fileID: 1332276946}
  serializedVersion: 4
  m_Component:
  - 4: {fileID: 967033906}
  - 212: {fileID: 967033907}
  m_Layer: 0
  m_Name: Player_R_Upper
  m_TagString: Untagged
  m_Icon: {fileID: 0}
  m_NavMeshLayer: 0
  m_StaticEditorFlags: 0
  m_IsActive: 1
--- !u!4 &967033906
Transform:
  m_ObjectHideFlags: 0
  m_PrefabParentObject: {fileID: 400012, guid: 899fff93769664df79b832e7ced8b40a, type: 2}
  m_PrefabInternal: {fileID: 1332276946}
  m_GameObject: {fileID: 967033905}
  m_LocalRotation: {x: 0, y: 0, z: 0, w: 1}
  m_LocalPosition: {x: -.0132539999, y: .0132579999, z: 0}
  m_LocalScale: {x: 1, y: 1, z: 1}
  m_Children:
  - {fileID: 459936193}
  - {fileID: 2123349895}
  m_Father: {fileID: 727264650}
  m_RootOrder: 0
--- !u!212 &967033907
SpriteRenderer:
  m_ObjectHideFlags: 0
  m_PrefabParentObject: {fileID: 21200008, guid: 899fff93769664df79b832e7ced8b40a,
    type: 2}
  m_PrefabInternal: {fileID: 1332276946}
  m_GameObject: {fileID: 967033905}
  m_Enabled: 1
  m_CastShadows: 0
  m_ReceiveShadows: 0
  m_LightmapIndex: 255
  m_LightmapTilingOffset: {x: 1, y: 1, z: 0, w: 0}
  m_Materials:
  - {fileID: 10754, guid: 0000000000000000e000000000000000, type: 0}
  m_SubsetIndices: 
  m_StaticBatchRoot: {fileID: 0}
  m_UseLightProbes: 0
  m_LightProbeAnchor: {fileID: 0}
  m_ScaleInLightmap: 1
  m_SortingLayerID: 2399092869
  m_SortingOrder: 0
  m_Sprite: {fileID: 21300018, guid: eca56989dc81a4df8b54c2aaaac230cb, type: 3}
  m_Color: {r: 1, g: 1, b: 1, a: 1}
--- !u!1 &1020254244
GameObject:
  m_ObjectHideFlags: 0
  m_PrefabParentObject: {fileID: 139168, guid: e243f592d85cca441a6c6697432ef9e3, type: 2}
  m_PrefabInternal: {fileID: 1209635448}
  serializedVersion: 4
  m_Component:
  - 4: {fileID: 1020254245}
  - 114: {fileID: 1020254246}
  m_Layer: 9
  m_Name: Hit_Box
  m_TagString: HitBox
  m_Icon: {fileID: 0}
  m_NavMeshLayer: 0
  m_StaticEditorFlags: 0
  m_IsActive: 1
--- !u!4 &1020254245
Transform:
  m_ObjectHideFlags: 0
  m_PrefabParentObject: {fileID: 439168, guid: e243f592d85cca441a6c6697432ef9e3, type: 2}
  m_PrefabInternal: {fileID: 1209635448}
  m_GameObject: {fileID: 1020254244}
  m_LocalRotation: {x: 0, y: 0, z: 0, w: 1}
  m_LocalPosition: {x: 0, y: 0, z: 0}
  m_LocalScale: {x: 1, y: 1, z: 1}
  m_Children:
  - {fileID: 55388577}
  - {fileID: 1592831999}
  - {fileID: 1372657914}
  m_Father: {fileID: 1066874598}
  m_RootOrder: 2
--- !u!114 &1020254246
MonoBehaviour:
  m_ObjectHideFlags: 0
  m_PrefabParentObject: {fileID: 11439190, guid: e243f592d85cca441a6c6697432ef9e3,
    type: 2}
  m_PrefabInternal: {fileID: 1209635448}
  m_GameObject: {fileID: 1020254244}
  m_Enabled: 1
  m_EditorHideFlags: 0
  m_Script: {fileID: 11500000, guid: 004a5a484322b7648a598251279faa16, type: 3}
  m_Name: 
  m_EditorClassIdentifier: 
--- !u!1 &1035661951
GameObject:
  m_ObjectHideFlags: 0
  m_PrefabParentObject: {fileID: 139162, guid: e243f592d85cca441a6c6697432ef9e3, type: 2}
  m_PrefabInternal: {fileID: 1209635448}
  serializedVersion: 4
  m_Component:
  - 4: {fileID: 1035661952}
  - 212: {fileID: 1035661953}
  m_Layer: 11
  m_Name: Face
  m_TagString: Untagged
  m_Icon: {fileID: 0}
  m_NavMeshLayer: 0
  m_StaticEditorFlags: 0
  m_IsActive: 1
--- !u!4 &1035661952
Transform:
  m_ObjectHideFlags: 0
  m_PrefabParentObject: {fileID: 439162, guid: e243f592d85cca441a6c6697432ef9e3, type: 2}
  m_PrefabInternal: {fileID: 1209635448}
  m_GameObject: {fileID: 1035661951}
  m_LocalRotation: {x: 0, y: 0, z: 0, w: 1}
  m_LocalPosition: {x: .0288440008, y: -.227170005, z: 0}
  m_LocalScale: {x: 0, y: 1, z: 1}
  m_Children: []
  m_Father: {fileID: 530019347}
  m_RootOrder: 1
--- !u!212 &1035661953
SpriteRenderer:
  m_ObjectHideFlags: 0
  m_PrefabParentObject: {fileID: 21239172, guid: e243f592d85cca441a6c6697432ef9e3,
    type: 2}
  m_PrefabInternal: {fileID: 1209635448}
  m_GameObject: {fileID: 1035661951}
  m_Enabled: 1
  m_CastShadows: 0
  m_ReceiveShadows: 0
  m_LightmapIndex: 255
  m_LightmapTilingOffset: {x: 1, y: 1, z: 0, w: 0}
  m_Materials:
  - {fileID: 10754, guid: 0000000000000000e000000000000000, type: 0}
  m_SubsetIndices: 
  m_StaticBatchRoot: {fileID: 0}
  m_UseLightProbes: 0
  m_LightProbeAnchor: {fileID: 0}
  m_ScaleInLightmap: 1
  m_SortingLayerID: 2399092869
  m_SortingOrder: 3
  m_Sprite: {fileID: 21300014, guid: 64711225270aa4d7eac42a40794e5bc8, type: 3}
  m_Color: {r: 1, g: 1, b: 1, a: 1}
--- !u!1 &1066874597
GameObject:
  m_ObjectHideFlags: 0
  m_PrefabParentObject: {fileID: 139182, guid: e243f592d85cca441a6c6697432ef9e3, type: 2}
  m_PrefabInternal: {fileID: 1209635448}
  serializedVersion: 4
  m_Component:
  - 4: {fileID: 1066874598}
  - 95: {fileID: 1066874605}
  - 50: {fileID: 1066874604}
  - 58: {fileID: 1066874603}
  - 61: {fileID: 1066874602}
  - 114: {fileID: 1066874601}
  - 114: {fileID: 1066874600}
  - 114: {fileID: 1066874599}
  m_Layer: 11
  m_Name: Ranger
  m_TagString: Player
  m_Icon: {fileID: 0}
  m_NavMeshLayer: 0
  m_StaticEditorFlags: 0
  m_IsActive: 1
--- !u!4 &1066874598
Transform:
  m_ObjectHideFlags: 0
  m_PrefabParentObject: {fileID: 439182, guid: e243f592d85cca441a6c6697432ef9e3, type: 2}
  m_PrefabInternal: {fileID: 1209635448}
  m_GameObject: {fileID: 1066874597}
  m_LocalRotation: {x: 0, y: 0, z: 0, w: 1}
  m_LocalPosition: {x: -275, y: -346, z: 0}
  m_LocalScale: {x: 50, y: 50, z: 1}
  m_Children:
  - {fileID: 1770920637}
  - {fileID: 1660026711}
  - {fileID: 1020254245}
  m_Father: {fileID: 0}
  m_RootOrder: 2
--- !u!114 &1066874599
MonoBehaviour:
  m_ObjectHideFlags: 0
  m_PrefabParentObject: {fileID: 11439192, guid: e243f592d85cca441a6c6697432ef9e3,
    type: 2}
  m_PrefabInternal: {fileID: 1209635448}
  m_GameObject: {fileID: 1066874597}
  m_Enabled: 1
  m_EditorHideFlags: 0
  m_Script: {fileID: 11500000, guid: 7b234f9e596f442419591fcdd32c74d0, type: 3}
  m_Name: 
  m_EditorClassIdentifier: 
  entityName: 
  ID: 0
  m_stats:
    MaxHP: 100
    MaxSP: 100
    BaseDMG: 0
    BaseDEF: 0
    MoveSpeed: 500
  projectile: {fileID: 0}
  trait: 0
--- !u!114 &1066874600
MonoBehaviour:
  m_ObjectHideFlags: 0
  m_PrefabParentObject: {fileID: 11439186, guid: e243f592d85cca441a6c6697432ef9e3,
    type: 2}
  m_PrefabInternal: {fileID: 1209635448}
  m_GameObject: {fileID: 1066874597}
  m_Enabled: 1
  m_EditorHideFlags: 0
  m_Script: {fileID: 11500000, guid: 9e245351cdca442448f782ae146ef160, type: 3}
  m_Name: 
  m_EditorClassIdentifier: 
  m_isAttacking: 0
  hitbox: {fileID: 1020254246}
--- !u!114 &1066874601
MonoBehaviour:
  m_ObjectHideFlags: 0
  m_PrefabParentObject: {fileID: 11439188, guid: e243f592d85cca441a6c6697432ef9e3,
    type: 2}
  m_PrefabInternal: {fileID: 1209635448}
  m_GameObject: {fileID: 1066874597}
  m_Enabled: 1
  m_EditorHideFlags: 0
  m_Script: {fileID: 11500000, guid: 15b7cc13b272945bd8102f14c518e148, type: 3}
  m_Name: 
  m_EditorClassIdentifier: 
  WeaponPoint_L: {fileID: 1742618251}
  WeaponPoint_R: {fileID: 330813300}
  fist_sprite: {fileID: 21300002, guid: 4490f1412dc994f388fc54fca1b26794, type: 3}
--- !u!61 &1066874602
BoxCollider2D:
  m_ObjectHideFlags: 0
  m_PrefabParentObject: {fileID: 6139192, guid: e243f592d85cca441a6c6697432ef9e3,
    type: 2}
  m_PrefabInternal: {fileID: 1209635448}
  m_GameObject: {fileID: 1066874597}
  m_Enabled: 1
  m_Material: {fileID: 0}
  m_IsTrigger: 0
  m_Size: {x: .531073928, y: .83139509}
  m_Center: {x: -.00263427733, y: -.0843023658}
--- !u!58 &1066874603
CircleCollider2D:
  m_ObjectHideFlags: 0
  m_PrefabParentObject: {fileID: 5839190, guid: e243f592d85cca441a6c6697432ef9e3,
    type: 2}
  m_PrefabInternal: {fileID: 1209635448}
  m_GameObject: {fileID: 1066874597}
  m_Enabled: 1
  m_Material: {fileID: 0}
  m_IsTrigger: 1
  m_Radius: .469999999
  m_Center: {x: -.0599999987, y: .75999999}
--- !u!50 &1066874604
Rigidbody2D:
  m_ObjectHideFlags: 0
  m_PrefabParentObject: {fileID: 5039192, guid: e243f592d85cca441a6c6697432ef9e3,
    type: 2}
  m_PrefabInternal: {fileID: 1209635448}
  m_GameObject: {fileID: 1066874597}
  m_Mass: 1
  m_LinearDrag: 0
  m_AngularDrag: 0
  m_GravityScale: 0
  m_FixedAngle: 1
  m_IsKinematic: 0
  m_Interpolate: 0
  m_SleepingMode: 1
  m_CollisionDetection: 0
--- !u!95 &1066874605
Animator:
  serializedVersion: 3
  m_ObjectHideFlags: 0
  m_PrefabParentObject: {fileID: 9539192, guid: e243f592d85cca441a6c6697432ef9e3,
    type: 2}
  m_PrefabInternal: {fileID: 1209635448}
  m_GameObject: {fileID: 1066874597}
  m_Enabled: 1
  m_Avatar: {fileID: 0}
  m_Controller: {fileID: 9100000, guid: ca403eb4542d39f42b3ae4d59f6404db, type: 2}
  m_CullingMode: 0
  m_UpdateMode: 0
  m_ApplyRootMotion: 0
  m_HasTransformHierarchy: 1
  m_AllowConstantClipSamplingOptimization: 1
--- !u!1 &1147574580
GameObject:
  m_ObjectHideFlags: 0
  m_PrefabParentObject: {fileID: 139166, guid: e243f592d85cca441a6c6697432ef9e3, type: 2}
  m_PrefabInternal: {fileID: 1209635448}
  serializedVersion: 4
  m_Component:
  - 4: {fileID: 1147574581}
  - 212: {fileID: 1147574582}
  m_Layer: 11
  m_Name: ArmorPoint
  m_TagString: Untagged
  m_Icon: {fileID: 0}
  m_NavMeshLayer: 0
  m_StaticEditorFlags: 0
  m_IsActive: 1
--- !u!4 &1147574581
Transform:
  m_ObjectHideFlags: 0
  m_PrefabParentObject: {fileID: 439166, guid: e243f592d85cca441a6c6697432ef9e3, type: 2}
  m_PrefabInternal: {fileID: 1209635448}
  m_GameObject: {fileID: 1147574580}
  m_LocalRotation: {x: 0, y: 0, z: 0, w: 1}
  m_LocalPosition: {x: .180435076, y: -.109881431, z: 0}
  m_LocalScale: {x: 1, y: 1, z: 1}
  m_Children: []
  m_Father: {fileID: 806736817}
  m_RootOrder: 0
--- !u!212 &1147574582
SpriteRenderer:
  m_ObjectHideFlags: 0
  m_PrefabParentObject: {fileID: 21239176, guid: e243f592d85cca441a6c6697432ef9e3,
    type: 2}
  m_PrefabInternal: {fileID: 1209635448}
  m_GameObject: {fileID: 1147574580}
  m_Enabled: 1
  m_CastShadows: 0
  m_ReceiveShadows: 0
  m_LightmapIndex: 255
  m_LightmapTilingOffset: {x: 1, y: 1, z: 0, w: 0}
  m_Materials:
  - {fileID: 10754, guid: 0000000000000000e000000000000000, type: 0}
  m_SubsetIndices: 
  m_StaticBatchRoot: {fileID: 0}
  m_UseLightProbes: 0
  m_LightProbeAnchor: {fileID: 0}
  m_ScaleInLightmap: 1
  m_SortingLayerID: 2399092869
  m_SortingOrder: 0
  m_Sprite: {fileID: 0}
  m_Color: {r: 1, g: 1, b: 1, a: 1}
--- !u!1 &1151468274
GameObject:
  m_ObjectHideFlags: 0
  m_PrefabParentObject: {fileID: 139174, guid: e243f592d85cca441a6c6697432ef9e3, type: 2}
  m_PrefabInternal: {fileID: 1209635448}
  serializedVersion: 4
  m_Component:
  - 4: {fileID: 1151468275}
  - 212: {fileID: 1151468276}
  m_Layer: 11
  m_Name: L_Leg
  m_TagString: Untagged
  m_Icon: {fileID: 0}
  m_NavMeshLayer: 0
  m_StaticEditorFlags: 0
  m_IsActive: 1
--- !u!4 &1151468275
Transform:
  m_ObjectHideFlags: 0
  m_PrefabParentObject: {fileID: 439174, guid: e243f592d85cca441a6c6697432ef9e3, type: 2}
  m_PrefabInternal: {fileID: 1209635448}
  m_GameObject: {fileID: 1151468274}
  m_LocalRotation: {x: 0, y: 0, z: 0, w: 1}
  m_LocalPosition: {x: .176076666, y: -.214709759, z: 0}
  m_LocalScale: {x: 1, y: 1, z: 1}
  m_Children: []
  m_Father: {fileID: 1660026711}
  m_RootOrder: 0
--- !u!212 &1151468276
SpriteRenderer:
  m_ObjectHideFlags: 0
  m_PrefabParentObject: {fileID: 21239180, guid: e243f592d85cca441a6c6697432ef9e3,
    type: 2}
  m_PrefabInternal: {fileID: 1209635448}
  m_GameObject: {fileID: 1151468274}
  m_Enabled: 1
  m_CastShadows: 0
  m_ReceiveShadows: 0
  m_LightmapIndex: 255
  m_LightmapTilingOffset: {x: 1, y: 1, z: 0, w: 0}
  m_Materials:
  - {fileID: 10754, guid: 0000000000000000e000000000000000, type: 0}
  m_SubsetIndices: 
  m_StaticBatchRoot: {fileID: 0}
  m_UseLightProbes: 0
  m_LightProbeAnchor: {fileID: 0}
  m_ScaleInLightmap: 1
  m_SortingLayerID: 2399092869
  m_SortingOrder: -2
  m_Sprite: {fileID: 21300010, guid: 4490f1412dc994f388fc54fca1b26794, type: 3}
  m_Color: {r: 1, g: 1, b: 1, a: 1}
--- !u!1 &1171842115
GameObject:
  m_ObjectHideFlags: 0
  m_PrefabParentObject: {fileID: 100048, guid: 899fff93769664df79b832e7ced8b40a, type: 2}
  m_PrefabInternal: {fileID: 1332276946}
  serializedVersion: 4
  m_Component:
  - 4: {fileID: 1171842116}
  m_Layer: 0
  m_Name: Player_Legs
  m_TagString: Untagged
  m_Icon: {fileID: 0}
  m_NavMeshLayer: 0
  m_StaticEditorFlags: 0
  m_IsActive: 1
--- !u!4 &1171842116
Transform:
  m_ObjectHideFlags: 0
  m_PrefabParentObject: {fileID: 400048, guid: 899fff93769664df79b832e7ced8b40a, type: 2}
  m_PrefabInternal: {fileID: 1332276946}
  m_GameObject: {fileID: 1171842115}
  m_LocalRotation: {x: 0, y: 0, z: 0, w: 1}
  m_LocalPosition: {x: 0, y: -.10046, z: 0}
  m_LocalScale: {x: 1, y: 1, z: 1}
  m_Children:
  - {fileID: 1691864376}
  - {fileID: 86594168}
  m_Father: {fileID: 2133576452}
  m_RootOrder: 0
--- !u!1 &1185202614
GameObject:
  m_ObjectHideFlags: 0
  m_PrefabParentObject: {fileID: 100034, guid: 899fff93769664df79b832e7ced8b40a, type: 2}
  m_PrefabInternal: {fileID: 1332276946}
  serializedVersion: 4
  m_Component:
  - 4: {fileID: 1185202615}
  - 212: {fileID: 1185202616}
  m_Layer: 0
  m_Name: Arm_Helm
  m_TagString: Untagged
  m_Icon: {fileID: 0}
  m_NavMeshLayer: 0
  m_StaticEditorFlags: 0
  m_IsActive: 1
--- !u!4 &1185202615
Transform:
  m_ObjectHideFlags: 0
  m_PrefabParentObject: {fileID: 400034, guid: 899fff93769664df79b832e7ced8b40a, type: 2}
  m_PrefabInternal: {fileID: 1332276946}
  m_GameObject: {fileID: 1185202614}
  m_LocalRotation: {x: 0, y: 0, z: 0, w: 1}
  m_LocalPosition: {x: 0, y: 0, z: 0}
  m_LocalScale: {x: 1, y: 1, z: 1}
  m_Children: []
  m_Father: {fileID: 1630694163}
  m_RootOrder: 0
--- !u!212 &1185202616
SpriteRenderer:
  m_ObjectHideFlags: 0
  m_PrefabParentObject: {fileID: 21200022, guid: 899fff93769664df79b832e7ced8b40a,
    type: 2}
  m_PrefabInternal: {fileID: 1332276946}
  m_GameObject: {fileID: 1185202614}
  m_Enabled: 1
  m_CastShadows: 0
  m_ReceiveShadows: 0
  m_LightmapIndex: 255
  m_LightmapTilingOffset: {x: 1, y: 1, z: 0, w: 0}
  m_Materials:
  - {fileID: 10754, guid: 0000000000000000e000000000000000, type: 0}
  m_SubsetIndices: 
  m_StaticBatchRoot: {fileID: 0}
  m_UseLightProbes: 0
  m_LightProbeAnchor: {fileID: 0}
  m_ScaleInLightmap: 1
  m_SortingLayerID: 2399092869
  m_SortingOrder: 1
  m_Sprite: {fileID: 0}
  m_Color: {r: 1, g: 1, b: 1, a: 1}
--- !u!1001 &1209635448
Prefab:
  m_ObjectHideFlags: 0
  serializedVersion: 2
  m_Modification:
    m_TransformParent: {fileID: 0}
    m_Modifications:
    - target: {fileID: 439182, guid: e243f592d85cca441a6c6697432ef9e3, type: 2}
      propertyPath: m_LocalPosition.x
      value: -275
      objectReference: {fileID: 0}
    - target: {fileID: 439182, guid: e243f592d85cca441a6c6697432ef9e3, type: 2}
      propertyPath: m_LocalPosition.y
      value: -346
      objectReference: {fileID: 0}
    - target: {fileID: 439182, guid: e243f592d85cca441a6c6697432ef9e3, type: 2}
      propertyPath: m_LocalPosition.z
      value: 0
      objectReference: {fileID: 0}
    - target: {fileID: 439182, guid: e243f592d85cca441a6c6697432ef9e3, type: 2}
      propertyPath: m_LocalRotation.x
      value: 0
      objectReference: {fileID: 0}
    - target: {fileID: 439182, guid: e243f592d85cca441a6c6697432ef9e3, type: 2}
      propertyPath: m_LocalRotation.y
      value: 0
      objectReference: {fileID: 0}
    - target: {fileID: 439182, guid: e243f592d85cca441a6c6697432ef9e3, type: 2}
      propertyPath: m_LocalRotation.z
      value: 0
      objectReference: {fileID: 0}
    - target: {fileID: 439182, guid: e243f592d85cca441a6c6697432ef9e3, type: 2}
      propertyPath: m_LocalRotation.w
      value: 1
      objectReference: {fileID: 0}
    - target: {fileID: 439182, guid: e243f592d85cca441a6c6697432ef9e3, type: 2}
      propertyPath: m_RootOrder
      value: 2
      objectReference: {fileID: 0}
    m_RemovedComponents: []
  m_ParentPrefab: {fileID: 100100000, guid: e243f592d85cca441a6c6697432ef9e3, type: 2}
  m_RootGameObject: {fileID: 1066874597}
  m_IsPrefabParent: 0
  m_IsExploded: 1
--- !u!1 &1232885000
GameObject:
  m_ObjectHideFlags: 0
  m_PrefabParentObject: {fileID: 100000, guid: 899fff93769664df79b832e7ced8b40a, type: 2}
  m_PrefabInternal: {fileID: 1332276946}
  serializedVersion: 4
  m_Component:
  - 4: {fileID: 1232885001}
  - 212: {fileID: 1232885002}
  m_Layer: 0
  m_Name: Arm_L_Lower
  m_TagString: Untagged
  m_Icon: {fileID: 0}
  m_NavMeshLayer: 0
  m_StaticEditorFlags: 0
  m_IsActive: 1
--- !u!4 &1232885001
Transform:
  m_ObjectHideFlags: 0
  m_PrefabParentObject: {fileID: 400000, guid: 899fff93769664df79b832e7ced8b40a, type: 2}
  m_PrefabInternal: {fileID: 1332276946}
  m_GameObject: {fileID: 1232885000}
  m_LocalRotation: {x: 0, y: 0, z: 0, w: 1}
  m_LocalPosition: {x: 0, y: 0, z: 0}
  m_LocalScale: {x: -1, y: 1, z: 1}
  m_Children: []
  m_Father: {fileID: 1698479902}
  m_RootOrder: 1
--- !u!212 &1232885002
SpriteRenderer:
  m_ObjectHideFlags: 0
  m_PrefabParentObject: {fileID: 21200000, guid: 899fff93769664df79b832e7ced8b40a,
    type: 2}
  m_PrefabInternal: {fileID: 1332276946}
  m_GameObject: {fileID: 1232885000}
  m_Enabled: 1
  m_CastShadows: 0
  m_ReceiveShadows: 0
  m_LightmapIndex: 255
  m_LightmapTilingOffset: {x: 1, y: 1, z: 0, w: 0}
  m_Materials:
  - {fileID: 10754, guid: 0000000000000000e000000000000000, type: 0}
  m_SubsetIndices: 
  m_StaticBatchRoot: {fileID: 0}
  m_UseLightProbes: 0
  m_LightProbeAnchor: {fileID: 0}
  m_ScaleInLightmap: 1
  m_SortingLayerID: 2399092869
  m_SortingOrder: 0
  m_Sprite: {fileID: 0}
  m_Color: {r: 1, g: 1, b: 1, a: 1}
--- !u!1 &1330105074
GameObject:
  m_ObjectHideFlags: 0
  m_PrefabParentObject: {fileID: 100008, guid: 899fff93769664df79b832e7ced8b40a, type: 2}
  m_PrefabInternal: {fileID: 1332276946}
  serializedVersion: 4
  m_Component:
  - 4: {fileID: 1330105075}
  m_Layer: 0
  m_Name: Player_Arms
  m_TagString: Untagged
  m_Icon: {fileID: 0}
  m_NavMeshLayer: 0
  m_StaticEditorFlags: 0
  m_IsActive: 1
--- !u!4 &1330105075
Transform:
  m_ObjectHideFlags: 0
  m_PrefabParentObject: {fileID: 400008, guid: 899fff93769664df79b832e7ced8b40a, type: 2}
  m_PrefabInternal: {fileID: 1332276946}
  m_GameObject: {fileID: 1330105074}
  m_LocalRotation: {x: 0, y: 0, z: 0, w: 1}
  m_LocalPosition: {x: -.043750003, y: .66952002, z: 0}
  m_LocalScale: {x: 1, y: 1, z: 1}
  m_Children:
  - {fileID: 500681890}
  - {fileID: 727264650}
  m_Father: {fileID: 2142393194}
  m_RootOrder: 2
--- !u!1001 &1332276946
Prefab:
  m_ObjectHideFlags: 0
  serializedVersion: 2
  m_Modification:
    m_TransformParent: {fileID: 0}
    m_Modifications:
    - target: {fileID: 400030, guid: 899fff93769664df79b832e7ced8b40a, type: 2}
      propertyPath: m_LocalPosition.x
      value: -.140120044
      objectReference: {fileID: 0}
    - target: {fileID: 400030, guid: 899fff93769664df79b832e7ced8b40a, type: 2}
      propertyPath: m_LocalPosition.y
      value: .198380157
      objectReference: {fileID: 0}
    - target: {fileID: 400030, guid: 899fff93769664df79b832e7ced8b40a, type: 2}
      propertyPath: m_LocalPosition.z
      value: 0
      objectReference: {fileID: 0}
    - target: {fileID: 400030, guid: 899fff93769664df79b832e7ced8b40a, type: 2}
      propertyPath: m_LocalRotation.x
      value: 0
      objectReference: {fileID: 0}
    - target: {fileID: 400030, guid: 899fff93769664df79b832e7ced8b40a, type: 2}
      propertyPath: m_LocalRotation.y
      value: 0
      objectReference: {fileID: 0}
    - target: {fileID: 400030, guid: 899fff93769664df79b832e7ced8b40a, type: 2}
      propertyPath: m_LocalRotation.z
      value: 0
      objectReference: {fileID: 0}
    - target: {fileID: 400030, guid: 899fff93769664df79b832e7ced8b40a, type: 2}
      propertyPath: m_LocalRotation.w
      value: 1
      objectReference: {fileID: 0}
    - target: {fileID: 400030, guid: 899fff93769664df79b832e7ced8b40a, type: 2}
      propertyPath: m_RootOrder
      value: 1
      objectReference: {fileID: 0}
    m_RemovedComponents: []
  m_ParentPrefab: {fileID: 100100000, guid: 899fff93769664df79b832e7ced8b40a, type: 2}
  m_RootGameObject: {fileID: 922617369}
  m_IsPrefabParent: 0
  m_IsExploded: 1
--- !u!1 &1348609917
GameObject:
  m_ObjectHideFlags: 0
  m_PrefabParentObject: {fileID: 100050, guid: 899fff93769664df79b832e7ced8b40a, type: 2}
  m_PrefabInternal: {fileID: 1332276946}
  serializedVersion: 4
  m_Component:
  - 4: {fileID: 1348609918}
  - 212: {fileID: 1348609919}
  m_Layer: 0
  m_Name: Player_R_Foot
  m_TagString: Untagged
  m_Icon: {fileID: 0}
  m_NavMeshLayer: 0
  m_StaticEditorFlags: 0
  m_IsActive: 1
--- !u!4 &1348609918
Transform:
  m_ObjectHideFlags: 0
  m_PrefabParentObject: {fileID: 400050, guid: 899fff93769664df79b832e7ced8b40a, type: 2}
  m_PrefabInternal: {fileID: 1332276946}
  m_GameObject: {fileID: 1348609917}
  m_LocalRotation: {x: 0, y: 0, z: 0, w: 1}
  m_LocalPosition: {x: .0454539992, y: -.194800004, z: 0}
  m_LocalScale: {x: 1, y: 1, z: 1}
  m_Children: []
  m_Father: {fileID: 952836295}
  m_RootOrder: 0
--- !u!212 &1348609919
SpriteRenderer:
  m_ObjectHideFlags: 0
  m_PrefabParentObject: {fileID: 21200036, guid: 899fff93769664df79b832e7ced8b40a,
    type: 2}
  m_PrefabInternal: {fileID: 1332276946}
  m_GameObject: {fileID: 1348609917}
  m_Enabled: 1
  m_CastShadows: 0
  m_ReceiveShadows: 0
  m_LightmapIndex: 255
  m_LightmapTilingOffset: {x: 1, y: 1, z: 0, w: 0}
  m_Materials:
  - {fileID: 10754, guid: 0000000000000000e000000000000000, type: 0}
  m_SubsetIndices: 
  m_StaticBatchRoot: {fileID: 0}
  m_UseLightProbes: 0
  m_LightProbeAnchor: {fileID: 0}
  m_ScaleInLightmap: 1
  m_SortingLayerID: 0
  m_SortingOrder: -1
  m_Sprite: {fileID: 21300042, guid: eca56989dc81a4df8b54c2aaaac230cb, type: 3}
  m_Color: {r: 1, g: 1, b: 1, a: 1}
--- !u!1 &1372657913
GameObject:
  m_ObjectHideFlags: 0
  m_PrefabParentObject: {fileID: 139188, guid: e243f592d85cca441a6c6697432ef9e3, type: 2}
  m_PrefabInternal: {fileID: 1209635448}
  serializedVersion: 4
  m_Component:
  - 4: {fileID: 1372657914}
  - 58: {fileID: 1372657915}
  m_Layer: 9
  m_Name: left
  m_TagString: Untagged
  m_Icon: {fileID: 0}
  m_NavMeshLayer: 0
  m_StaticEditorFlags: 0
  m_IsActive: 1
--- !u!4 &1372657914
Transform:
  m_ObjectHideFlags: 0
  m_PrefabParentObject: {fileID: 439188, guid: e243f592d85cca441a6c6697432ef9e3, type: 2}
  m_PrefabInternal: {fileID: 1209635448}
  m_GameObject: {fileID: 1372657913}
  m_LocalRotation: {x: 0, y: 0, z: 0, w: 1}
  m_LocalPosition: {x: -1, y: 0, z: 0}
  m_LocalScale: {x: 1, y: 1, z: 1}
  m_Children: []
  m_Father: {fileID: 1020254245}
  m_RootOrder: 2
--- !u!58 &1372657915
CircleCollider2D:
  m_ObjectHideFlags: 0
  m_PrefabParentObject: {fileID: 5839192, guid: e243f592d85cca441a6c6697432ef9e3,
    type: 2}
  m_PrefabInternal: {fileID: 1209635448}
  m_GameObject: {fileID: 1372657913}
  m_Enabled: 1
  m_Material: {fileID: 0}
  m_IsTrigger: 1
  m_Radius: 1
  m_Center: {x: 0, y: 0}
--- !u!1 &1511810867
GameObject:
  m_ObjectHideFlags: 0
  m_PrefabParentObject: {fileID: 139176, guid: e243f592d85cca441a6c6697432ef9e3, type: 2}
  m_PrefabInternal: {fileID: 1209635448}
  serializedVersion: 4
  m_Component:
  - 4: {fileID: 1511810868}
  - 212: {fileID: 1511810869}
  m_Layer: 11
  m_Name: R_Leg
  m_TagString: Untagged
  m_Icon: {fileID: 0}
  m_NavMeshLayer: 0
  m_StaticEditorFlags: 0
  m_IsActive: 1
--- !u!4 &1511810868
Transform:
  m_ObjectHideFlags: 0
  m_PrefabParentObject: {fileID: 439176, guid: e243f592d85cca441a6c6697432ef9e3, type: 2}
  m_PrefabInternal: {fileID: 1209635448}
  m_GameObject: {fileID: 1511810867}
  m_LocalRotation: {x: 0, y: 0, z: 0, w: 1}
  m_LocalPosition: {x: .168830007, y: -.028647, z: -1}
  m_LocalScale: {x: 1, y: 1, z: 1}
  m_Children: []
  m_Father: {fileID: 1660026711}
  m_RootOrder: 1
--- !u!212 &1511810869
SpriteRenderer:
  m_ObjectHideFlags: 0
  m_PrefabParentObject: {fileID: 21239182, guid: e243f592d85cca441a6c6697432ef9e3,
    type: 2}
  m_PrefabInternal: {fileID: 1209635448}
  m_GameObject: {fileID: 1511810867}
  m_Enabled: 1
  m_CastShadows: 0
  m_ReceiveShadows: 0
  m_LightmapIndex: 255
  m_LightmapTilingOffset: {x: 1, y: 1, z: 0, w: 0}
  m_Materials:
  - {fileID: 10754, guid: 0000000000000000e000000000000000, type: 0}
  m_SubsetIndices: 
  m_StaticBatchRoot: {fileID: 0}
  m_UseLightProbes: 0
  m_LightProbeAnchor: {fileID: 0}
  m_ScaleInLightmap: 1
  m_SortingLayerID: 2399092869
  m_SortingOrder: -2
  m_Sprite: {fileID: 21300010, guid: 4490f1412dc994f388fc54fca1b26794, type: 3}
  m_Color: {r: 1, g: 1, b: 1, a: 1}
--- !u!1 &1553616534
GameObject:
  m_ObjectHideFlags: 0
  m_PrefabParentObject: {fileID: 100018, guid: 899fff93769664df79b832e7ced8b40a, type: 2}
  m_PrefabInternal: {fileID: 1332276946}
  serializedVersion: 4
  m_Component:
  - 4: {fileID: 1553616535}
  - 212: {fileID: 1553616536}
  m_Layer: 0
  m_Name: Player_R_Upper
  m_TagString: Untagged
  m_Icon: {fileID: 0}
  m_NavMeshLayer: 0
  m_StaticEditorFlags: 0
  m_IsActive: 1
--- !u!4 &1553616535
Transform:
  m_ObjectHideFlags: 0
  m_PrefabParentObject: {fileID: 400018, guid: 899fff93769664df79b832e7ced8b40a, type: 2}
  m_PrefabInternal: {fileID: 1332276946}
  m_GameObject: {fileID: 1553616534}
  m_LocalRotation: {x: 0, y: 0, z: 0, w: 1}
  m_LocalPosition: {x: 0, y: 0, z: 0}
  m_LocalScale: {x: 1, y: 1, z: 1}
  m_Children:
  - {fileID: 952836295}
  m_Father: {fileID: 1691864376}
  m_RootOrder: 0
--- !u!212 &1553616536
SpriteRenderer:
  m_ObjectHideFlags: 0
  m_PrefabParentObject: {fileID: 21200012, guid: 899fff93769664df79b832e7ced8b40a,
    type: 2}
  m_PrefabInternal: {fileID: 1332276946}
  m_GameObject: {fileID: 1553616534}
  m_Enabled: 1
  m_CastShadows: 0
  m_ReceiveShadows: 0
  m_LightmapIndex: 255
  m_LightmapTilingOffset: {x: 1, y: 1, z: 0, w: 0}
  m_Materials:
  - {fileID: 10754, guid: 0000000000000000e000000000000000, type: 0}
  m_SubsetIndices: 
  m_StaticBatchRoot: {fileID: 0}
  m_UseLightProbes: 0
  m_LightProbeAnchor: {fileID: 0}
  m_ScaleInLightmap: 1
  m_SortingLayerID: 2399092869
  m_SortingOrder: -1
  m_Sprite: {fileID: 21300022, guid: eca56989dc81a4df8b54c2aaaac230cb, type: 3}
  m_Color: {r: 1, g: 1, b: 1, a: 1}
--- !u!1 &1558615291
GameObject:
  m_ObjectHideFlags: 0
  m_PrefabParentObject: {fileID: 100046, guid: 899fff93769664df79b832e7ced8b40a, type: 2}
  m_PrefabInternal: {fileID: 1332276946}
  serializedVersion: 4
  m_Component:
  - 4: {fileID: 1558615292}
  - 212: {fileID: 1558615293}
  m_Layer: 0
  m_Name: Player_L_Hand
  m_TagString: Untagged
  m_Icon: {fileID: 0}
  m_NavMeshLayer: 0
  m_StaticEditorFlags: 0
  m_IsActive: 1
--- !u!4 &1558615292
Transform:
  m_ObjectHideFlags: 0
  m_PrefabParentObject: {fileID: 400046, guid: 899fff93769664df79b832e7ced8b40a, type: 2}
  m_PrefabInternal: {fileID: 1332276946}
  m_GameObject: {fileID: 1558615291}
  m_LocalRotation: {x: 0, y: 0, z: 0, w: 1}
  m_LocalPosition: {x: .418300003, y: -.178289995, z: 0}
  m_LocalScale: {x: 1, y: 1, z: 1}
  m_Children: []
  m_Father: {fileID: 1698479902}
  m_RootOrder: 0
--- !u!212 &1558615293
SpriteRenderer:
  m_ObjectHideFlags: 0
  m_PrefabParentObject: {fileID: 21200034, guid: 899fff93769664df79b832e7ced8b40a,
    type: 2}
  m_PrefabInternal: {fileID: 1332276946}
  m_GameObject: {fileID: 1558615291}
  m_Enabled: 1
  m_CastShadows: 0
  m_ReceiveShadows: 0
  m_LightmapIndex: 255
  m_LightmapTilingOffset: {x: 1, y: 1, z: 0, w: 0}
  m_Materials:
  - {fileID: 10754, guid: 0000000000000000e000000000000000, type: 0}
  m_SubsetIndices: 
  m_StaticBatchRoot: {fileID: 0}
  m_UseLightProbes: 0
  m_LightProbeAnchor: {fileID: 0}
  m_ScaleInLightmap: 1
  m_SortingLayerID: 2399092869
  m_SortingOrder: 1
  m_Sprite: {fileID: 21300060, guid: eca56989dc81a4df8b54c2aaaac230cb, type: 3}
  m_Color: {r: 1, g: 1, b: 1, a: 1}
--- !u!1 &1589378241
GameObject:
  m_ObjectHideFlags: 0
  m_PrefabParentObject: {fileID: 100038, guid: 899fff93769664df79b832e7ced8b40a, type: 2}
  m_PrefabInternal: {fileID: 1332276946}
  serializedVersion: 4
  m_Component:
  - 4: {fileID: 1589378242}
  - 212: {fileID: 1589378243}
  m_Layer: 0
  m_Name: Arm_Chest
  m_TagString: Untagged
  m_Icon: {fileID: 0}
  m_NavMeshLayer: 0
  m_StaticEditorFlags: 0
  m_IsActive: 1
--- !u!4 &1589378242
Transform:
  m_ObjectHideFlags: 0
  m_PrefabParentObject: {fileID: 400038, guid: 899fff93769664df79b832e7ced8b40a, type: 2}
  m_PrefabInternal: {fileID: 1332276946}
  m_GameObject: {fileID: 1589378241}
  m_LocalRotation: {x: 0, y: 0, z: 0, w: 1}
  m_LocalPosition: {x: 0, y: 0, z: 0}
  m_LocalScale: {x: 1, y: 1, z: 1}
  m_Children: []
  m_Father: {fileID: 2142393194}
  m_RootOrder: 0
--- !u!212 &1589378243
SpriteRenderer:
  m_ObjectHideFlags: 0
  m_PrefabParentObject: {fileID: 21200026, guid: 899fff93769664df79b832e7ced8b40a,
    type: 2}
  m_PrefabInternal: {fileID: 1332276946}
  m_GameObject: {fileID: 1589378241}
  m_Enabled: 1
  m_CastShadows: 0
  m_ReceiveShadows: 0
  m_LightmapIndex: 255
  m_LightmapTilingOffset: {x: 1, y: 1, z: 0, w: 0}
  m_Materials:
  - {fileID: 10754, guid: 0000000000000000e000000000000000, type: 0}
  m_SubsetIndices: 
  m_StaticBatchRoot: {fileID: 0}
  m_UseLightProbes: 0
  m_LightProbeAnchor: {fileID: 0}
  m_ScaleInLightmap: 1
  m_SortingLayerID: 2399092869
  m_SortingOrder: 0
  m_Sprite: {fileID: 0}
  m_Color: {r: 1, g: 1, b: 1, a: 1}
--- !u!1 &1592831997
GameObject:
  m_ObjectHideFlags: 0
  m_PrefabParentObject: {fileID: 139180, guid: e243f592d85cca441a6c6697432ef9e3, type: 2}
  m_PrefabInternal: {fileID: 1209635448}
  serializedVersion: 4
  m_Component:
  - 4: {fileID: 1592831999}
  - 58: {fileID: 1592831998}
  m_Layer: 9
  m_Name: down
  m_TagString: Untagged
  m_Icon: {fileID: 0}
  m_NavMeshLayer: 0
  m_StaticEditorFlags: 0
  m_IsActive: 1
--- !u!58 &1592831998
CircleCollider2D:
  m_ObjectHideFlags: 0
  m_PrefabParentObject: {fileID: 5839188, guid: e243f592d85cca441a6c6697432ef9e3,
    type: 2}
  m_PrefabInternal: {fileID: 1209635448}
  m_GameObject: {fileID: 1592831997}
  m_Enabled: 1
  m_Material: {fileID: 0}
  m_IsTrigger: 1
  m_Radius: 1
  m_Center: {x: 0, y: 0}
--- !u!4 &1592831999
Transform:
  m_ObjectHideFlags: 0
  m_PrefabParentObject: {fileID: 439180, guid: e243f592d85cca441a6c6697432ef9e3, type: 2}
  m_PrefabInternal: {fileID: 1209635448}
  m_GameObject: {fileID: 1592831997}
  m_LocalRotation: {x: 0, y: 0, z: 0, w: 1}
  m_LocalPosition: {x: 0, y: -1, z: 0}
  m_LocalScale: {x: 1, y: 1, z: 1}
  m_Children: []
  m_Father: {fileID: 1020254245}
  m_RootOrder: 1
--- !u!1 &1630694161
GameObject:
  m_ObjectHideFlags: 0
  m_PrefabParentObject: {fileID: 100054, guid: 899fff93769664df79b832e7ced8b40a, type: 2}
  m_PrefabInternal: {fileID: 1332276946}
  serializedVersion: 4
  m_Component:
  - 4: {fileID: 1630694163}
  - 212: {fileID: 1630694162}
  m_Layer: 0
  m_Name: Player_Head
  m_TagString: Untagged
  m_Icon: {fileID: 0}
  m_NavMeshLayer: 0
  m_StaticEditorFlags: 0
  m_IsActive: 1
--- !u!212 &1630694162
SpriteRenderer:
  m_ObjectHideFlags: 0
  m_PrefabParentObject: {fileID: 21200038, guid: 899fff93769664df79b832e7ced8b40a,
    type: 2}
  m_PrefabInternal: {fileID: 1332276946}
  m_GameObject: {fileID: 1630694161}
  m_Enabled: 1
  m_CastShadows: 0
  m_ReceiveShadows: 0
  m_LightmapIndex: 255
  m_LightmapTilingOffset: {x: 1, y: 1, z: 0, w: 0}
  m_Materials:
  - {fileID: 10754, guid: 0000000000000000e000000000000000, type: 0}
  m_SubsetIndices: 
  m_StaticBatchRoot: {fileID: 0}
  m_UseLightProbes: 0
  m_LightProbeAnchor: {fileID: 0}
  m_ScaleInLightmap: 1
  m_SortingLayerID: 2399092869
  m_SortingOrder: 1
  m_Sprite: {fileID: 21300010, guid: eca56989dc81a4df8b54c2aaaac230cb, type: 3}
  m_Color: {r: 1, g: 1, b: 1, a: 1}
--- !u!4 &1630694163
Transform:
  m_ObjectHideFlags: 0
  m_PrefabParentObject: {fileID: 400054, guid: 899fff93769664df79b832e7ced8b40a, type: 2}
  m_PrefabInternal: {fileID: 1332276946}
  m_GameObject: {fileID: 1630694161}
  m_LocalRotation: {x: 0, y: 0, z: 0, w: 1}
  m_LocalPosition: {x: -.0241379999, y: 1.0467, z: 0}
  m_LocalScale: {x: 1, y: 1, z: 1}
  m_Children:
  - {fileID: 1185202615}
  m_Father: {fileID: 2142393194}
  m_RootOrder: 1
--- !u!1 &1651008407
GameObject:
  m_ObjectHideFlags: 0
  m_PrefabParentObject: {fileID: 0}
  m_PrefabInternal: {fileID: 0}
  serializedVersion: 4
  m_Component:
  - 4: {fileID: 1651008412}
  - 20: {fileID: 1651008411}
  - 92: {fileID: 1651008410}
  - 124: {fileID: 1651008409}
  - 81: {fileID: 1651008408}
  m_Layer: 0
  m_Name: Main Camera
  m_TagString: MainCamera
  m_Icon: {fileID: 0}
  m_NavMeshLayer: 0
  m_StaticEditorFlags: 0
  m_IsActive: 1
--- !u!81 &1651008408
AudioListener:
  m_ObjectHideFlags: 0
  m_PrefabParentObject: {fileID: 0}
  m_PrefabInternal: {fileID: 0}
  m_GameObject: {fileID: 1651008407}
  m_Enabled: 1
--- !u!124 &1651008409
Behaviour:
  m_ObjectHideFlags: 0
  m_PrefabParentObject: {fileID: 0}
  m_PrefabInternal: {fileID: 0}
  m_GameObject: {fileID: 1651008407}
  m_Enabled: 1
--- !u!92 &1651008410
Behaviour:
  m_ObjectHideFlags: 0
  m_PrefabParentObject: {fileID: 0}
  m_PrefabInternal: {fileID: 0}
  m_GameObject: {fileID: 1651008407}
  m_Enabled: 1
--- !u!20 &1651008411
Camera:
  m_ObjectHideFlags: 0
  m_PrefabParentObject: {fileID: 0}
  m_PrefabInternal: {fileID: 0}
  m_GameObject: {fileID: 1651008407}
  m_Enabled: 1
  serializedVersion: 2
  m_ClearFlags: 1
  m_BackGroundColor: {r: .192156866, g: .301960796, b: .474509805, a: .0196078438}
  m_NormalizedViewPortRect:
    serializedVersion: 2
    x: 0
    y: 0
    width: 1
    height: 1
  near clip plane: .300000012
  far clip plane: 1000
  field of view: 60
  orthographic: 1
  orthographic size: 5
  m_Depth: -1
  m_CullingMask:
    serializedVersion: 2
    m_Bits: 4294967295
  m_RenderingPath: -1
  m_TargetTexture: {fileID: 0}
  m_TargetDisplay: 0
  m_HDR: 0
  m_OcclusionCulling: 1
  m_StereoConvergence: 10
  m_StereoSeparation: .0219999999
--- !u!4 &1651008412
Transform:
  m_ObjectHideFlags: 0
  m_PrefabParentObject: {fileID: 0}
  m_PrefabInternal: {fileID: 0}
  m_GameObject: {fileID: 1651008407}
  m_LocalRotation: {x: 0, y: 0, z: 0, w: 1}
  m_LocalPosition: {x: 0, y: 0, z: -10}
  m_LocalScale: {x: 1, y: 1, z: 1}
  m_Children: []
  m_Father: {fileID: 0}
  m_RootOrder: 0
--- !u!1 &1660026710
GameObject:
  m_ObjectHideFlags: 0
  m_PrefabParentObject: {fileID: 139158, guid: e243f592d85cca441a6c6697432ef9e3, type: 2}
  m_PrefabInternal: {fileID: 1209635448}
  serializedVersion: 4
  m_Component:
  - 4: {fileID: 1660026711}
  - 212: {fileID: 1660026712}
  m_Layer: 11
  m_Name: Core
  m_TagString: Untagged
  m_Icon: {fileID: 0}
  m_NavMeshLayer: 0
  m_StaticEditorFlags: 0
  m_IsActive: 1
--- !u!4 &1660026711
Transform:
  m_ObjectHideFlags: 0
  m_PrefabParentObject: {fileID: 439158, guid: e243f592d85cca441a6c6697432ef9e3, type: 2}
  m_PrefabInternal: {fileID: 1209635448}
  m_GameObject: {fileID: 1660026710}
  m_LocalRotation: {x: 0, y: 0, z: 0, w: 1}
  m_LocalPosition: {x: 0, y: 0, z: 0}
  m_LocalScale: {x: 1, y: 1, z: 1}
  m_Children:
  - {fileID: 1151468275}
  - {fileID: 1511810868}
  - {fileID: 806736817}
  m_Father: {fileID: 1066874598}
  m_RootOrder: 1
--- !u!212 &1660026712
SpriteRenderer:
  m_ObjectHideFlags: 0
  m_PrefabParentObject: {fileID: 21239168, guid: e243f592d85cca441a6c6697432ef9e3,
    type: 2}
  m_PrefabInternal: {fileID: 1209635448}
  m_GameObject: {fileID: 1660026710}
  m_Enabled: 1
  m_CastShadows: 0
  m_ReceiveShadows: 0
  m_LightmapIndex: 255
  m_LightmapTilingOffset: {x: 1, y: 1, z: 0, w: 0}
  m_Materials:
  - {fileID: 10754, guid: 0000000000000000e000000000000000, type: 0}
  m_SubsetIndices: 
  m_StaticBatchRoot: {fileID: 0}
  m_UseLightProbes: 0
  m_LightProbeAnchor: {fileID: 0}
  m_ScaleInLightmap: 1
  m_SortingLayerID: 2399092869
  m_SortingOrder: -1
  m_Sprite: {fileID: 21300014, guid: 4490f1412dc994f388fc54fca1b26794, type: 3}
  m_Color: {r: 1, g: 1, b: 1, a: 1}
--- !u!1 &1663916605
GameObject:
  m_ObjectHideFlags: 0
  m_PrefabParentObject: {fileID: 100044, guid: 899fff93769664df79b832e7ced8b40a, type: 2}
  m_PrefabInternal: {fileID: 1332276946}
  serializedVersion: 4
  m_Component:
  - 4: {fileID: 1663916606}
  - 212: {fileID: 1663916607}
  m_Layer: 0
  m_Name: Arm_L_Upper
  m_TagString: Untagged
  m_Icon: {fileID: 0}
  m_NavMeshLayer: 0
  m_StaticEditorFlags: 0
  m_IsActive: 1
--- !u!4 &1663916606
Transform:
  m_ObjectHideFlags: 0
  m_PrefabParentObject: {fileID: 400044, guid: 899fff93769664df79b832e7ced8b40a, type: 2}
  m_PrefabInternal: {fileID: 1332276946}
  m_GameObject: {fileID: 1663916605}
  m_LocalRotation: {x: 0, y: 0, z: 0, w: 1}
  m_LocalPosition: {x: -1.11758709e-08, y: -1.76951289e-08, z: 0}
  m_LocalScale: {x: -1, y: 1, z: 1}
  m_Children: []
  m_Father: {fileID: 1730620891}
  m_RootOrder: 0
--- !u!212 &1663916607
SpriteRenderer:
  m_ObjectHideFlags: 0
  m_PrefabParentObject: {fileID: 21200032, guid: 899fff93769664df79b832e7ced8b40a,
    type: 2}
  m_PrefabInternal: {fileID: 1332276946}
  m_GameObject: {fileID: 1663916605}
  m_Enabled: 1
  m_CastShadows: 0
  m_ReceiveShadows: 0
  m_LightmapIndex: 255
  m_LightmapTilingOffset: {x: 1, y: 1, z: 0, w: 0}
  m_Materials:
  - {fileID: 10754, guid: 0000000000000000e000000000000000, type: 0}
  m_SubsetIndices: 
  m_StaticBatchRoot: {fileID: 0}
  m_UseLightProbes: 0
  m_LightProbeAnchor: {fileID: 0}
  m_ScaleInLightmap: 1
  m_SortingLayerID: 2399092869
  m_SortingOrder: 0
  m_Sprite: {fileID: 0}
  m_Color: {r: 1, g: 1, b: 1, a: 1}
--- !u!1 &1691864375
GameObject:
  m_ObjectHideFlags: 0
  m_PrefabParentObject: {fileID: 100004, guid: 899fff93769664df79b832e7ced8b40a, type: 2}
  m_PrefabInternal: {fileID: 1332276946}
  serializedVersion: 4
  m_Component:
  - 4: {fileID: 1691864376}
  m_Layer: 0
  m_Name: Player_RightLeg
  m_TagString: Untagged
  m_Icon: {fileID: 0}
  m_NavMeshLayer: 0
  m_StaticEditorFlags: 0
  m_IsActive: 1
--- !u!4 &1691864376
Transform:
  m_ObjectHideFlags: 0
  m_PrefabParentObject: {fileID: 400004, guid: 899fff93769664df79b832e7ced8b40a, type: 2}
  m_PrefabInternal: {fileID: 1332276946}
  m_GameObject: {fileID: 1691864375}
  m_LocalRotation: {x: 0, y: 0, z: 0, w: 1}
  m_LocalPosition: {x: -.281560004, y: -.0449290015, z: 0}
  m_LocalScale: {x: 1, y: 1, z: 1}
  m_Children:
  - {fileID: 1553616535}
  m_Father: {fileID: 1171842116}
  m_RootOrder: 0
--- !u!1 &1698479901
GameObject:
  m_ObjectHideFlags: 0
  m_PrefabParentObject: {fileID: 100010, guid: 899fff93769664df79b832e7ced8b40a, type: 2}
  m_PrefabInternal: {fileID: 1332276946}
  serializedVersion: 4
  m_Component:
  - 4: {fileID: 1698479902}
  - 212: {fileID: 1698479903}
  m_Layer: 0
  m_Name: Player_L_Lower
  m_TagString: Untagged
  m_Icon: {fileID: 0}
  m_NavMeshLayer: 0
  m_StaticEditorFlags: 0
  m_IsActive: 1
--- !u!4 &1698479902
Transform:
  m_ObjectHideFlags: 0
  m_PrefabParentObject: {fileID: 400010, guid: 899fff93769664df79b832e7ced8b40a, type: 2}
  m_PrefabInternal: {fileID: 1332276946}
  m_GameObject: {fileID: 1698479901}
  m_LocalRotation: {x: 0, y: 0, z: 0, w: 1}
  m_LocalPosition: {x: .368649989, y: -.273689985, z: 0}
  m_LocalScale: {x: 1, y: 1, z: 1}
  m_Children:
  - {fileID: 1558615292}
  - {fileID: 1232885001}
  m_Father: {fileID: 1730620891}
  m_RootOrder: 1
--- !u!212 &1698479903
SpriteRenderer:
  m_ObjectHideFlags: 0
  m_PrefabParentObject: {fileID: 21200006, guid: 899fff93769664df79b832e7ced8b40a,
    type: 2}
  m_PrefabInternal: {fileID: 1332276946}
  m_GameObject: {fileID: 1698479901}
  m_Enabled: 1
  m_CastShadows: 0
  m_ReceiveShadows: 0
  m_LightmapIndex: 255
  m_LightmapTilingOffset: {x: 1, y: 1, z: 0, w: 0}
  m_Materials:
  - {fileID: 10754, guid: 0000000000000000e000000000000000, type: 0}
  m_SubsetIndices: 
  m_StaticBatchRoot: {fileID: 0}
  m_UseLightProbes: 0
  m_LightProbeAnchor: {fileID: 0}
  m_ScaleInLightmap: 1
  m_SortingLayerID: 2399092869
  m_SortingOrder: 1
  m_Sprite: {fileID: 21300040, guid: eca56989dc81a4df8b54c2aaaac230cb, type: 3}
  m_Color: {r: 1, g: 1, b: 1, a: 1}
--- !u!1 &1730620890
GameObject:
  m_ObjectHideFlags: 0
  m_PrefabParentObject: {fileID: 100056, guid: 899fff93769664df79b832e7ced8b40a, type: 2}
  m_PrefabInternal: {fileID: 1332276946}
  serializedVersion: 4
  m_Component:
  - 4: {fileID: 1730620891}
  - 212: {fileID: 1730620892}
  m_Layer: 0
  m_Name: Player_L_Upper
  m_TagString: Untagged
  m_Icon: {fileID: 0}
  m_NavMeshLayer: 0
  m_StaticEditorFlags: 0
  m_IsActive: 1
--- !u!4 &1730620891
Transform:
  m_ObjectHideFlags: 0
  m_PrefabParentObject: {fileID: 400056, guid: 899fff93769664df79b832e7ced8b40a, type: 2}
  m_PrefabInternal: {fileID: 1332276946}
  m_GameObject: {fileID: 1730620890}
  m_LocalRotation: {x: 0, y: 0, z: 0, w: 1}
  m_LocalPosition: {x: .0194530003, y: -.0558990017, z: 0}
  m_LocalScale: {x: 1, y: 1, z: 1}
  m_Children:
  - {fileID: 1663916606}
  - {fileID: 1698479902}
  m_Father: {fileID: 500681890}
  m_RootOrder: 0
--- !u!212 &1730620892
SpriteRenderer:
  m_ObjectHideFlags: 0
  m_PrefabParentObject: {fileID: 21200040, guid: 899fff93769664df79b832e7ced8b40a,
    type: 2}
  m_PrefabInternal: {fileID: 1332276946}
  m_GameObject: {fileID: 1730620890}
  m_Enabled: 1
  m_CastShadows: 0
  m_ReceiveShadows: 0
  m_LightmapIndex: 255
  m_LightmapTilingOffset: {x: 1, y: 1, z: 0, w: 0}
  m_Materials:
  - {fileID: 10754, guid: 0000000000000000e000000000000000, type: 0}
  m_SubsetIndices: 
  m_StaticBatchRoot: {fileID: 0}
  m_UseLightProbes: 0
  m_LightProbeAnchor: {fileID: 0}
  m_ScaleInLightmap: 1
  m_SortingLayerID: 2399092869
  m_SortingOrder: 1
  m_Sprite: {fileID: 21300024, guid: eca56989dc81a4df8b54c2aaaac230cb, type: 3}
  m_Color: {r: 1, g: 1, b: 1, a: 1}
--- !u!1 &1742618250
GameObject:
  m_ObjectHideFlags: 0
  m_PrefabParentObject: {fileID: 139184, guid: e243f592d85cca441a6c6697432ef9e3, type: 2}
  m_PrefabInternal: {fileID: 1209635448}
  serializedVersion: 4
  m_Component:
  - 4: {fileID: 1742618251}
  - 212: {fileID: 1742618252}
  m_Layer: 9
  m_Name: WeaponPoint_L
  m_TagString: Weapon
  m_Icon: {fileID: 0}
  m_NavMeshLayer: 0
  m_StaticEditorFlags: 0
  m_IsActive: 1
--- !u!4 &1742618251
Transform:
  m_ObjectHideFlags: 0
  m_PrefabParentObject: {fileID: 439184, guid: e243f592d85cca441a6c6697432ef9e3, type: 2}
  m_PrefabInternal: {fileID: 1209635448}
  m_GameObject: {fileID: 1742618250}
  m_LocalRotation: {x: 0, y: 0, z: -.23426652, w: .972172439}
  m_LocalPosition: {x: -.175109997, y: -.180590004, z: 0}
  m_LocalScale: {x: 2, y: 2, z: 1}
  m_Children: []
  m_Father: {fileID: 1950881367}
  m_RootOrder: 0
--- !u!212 &1742618252
SpriteRenderer:
  m_ObjectHideFlags: 0
  m_PrefabParentObject: {fileID: 21239186, guid: e243f592d85cca441a6c6697432ef9e3,
    type: 2}
  m_PrefabInternal: {fileID: 1209635448}
  m_GameObject: {fileID: 1742618250}
  m_Enabled: 1
  m_CastShadows: 0
  m_ReceiveShadows: 0
  m_LightmapIndex: 255
  m_LightmapTilingOffset: {x: 1, y: 1, z: 0, w: 0}
  m_Materials:
  - {fileID: 10754, guid: 0000000000000000e000000000000000, type: 0}
  m_SubsetIndices: 
  m_StaticBatchRoot: {fileID: 0}
  m_UseLightProbes: 0
  m_LightProbeAnchor: {fileID: 0}
  m_ScaleInLightmap: 1
  m_SortingLayerID: 2399092869
  m_SortingOrder: 1
  m_Sprite: {fileID: 0}
  m_Color: {r: 1, g: 1, b: 1, a: 1}
--- !u!1 &1770920636
GameObject:
  m_ObjectHideFlags: 0
  m_PrefabParentObject: {fileID: 139186, guid: e243f592d85cca441a6c6697432ef9e3, type: 2}
  m_PrefabInternal: {fileID: 1209635448}
  serializedVersion: 4
  m_Component:
  - 4: {fileID: 1770920637}
  - 212: {fileID: 1770920638}
  m_Layer: 11
  m_Name: lighting mask
  m_TagString: Untagged
  m_Icon: {fileID: 0}
  m_NavMeshLayer: 0
  m_StaticEditorFlags: 0
  m_IsActive: 1
--- !u!4 &1770920637
Transform:
  m_ObjectHideFlags: 0
  m_PrefabParentObject: {fileID: 439186, guid: e243f592d85cca441a6c6697432ef9e3, type: 2}
  m_PrefabInternal: {fileID: 1209635448}
  m_GameObject: {fileID: 1770920636}
  m_LocalRotation: {x: 0, y: 0, z: 0, w: 1}
  m_LocalPosition: {x: 0, y: 0, z: 0}
  m_LocalScale: {x: 20, y: 20, z: 1}
  m_Children: []
  m_Father: {fileID: 1066874598}
  m_RootOrder: 0
--- !u!212 &1770920638
SpriteRenderer:
  m_ObjectHideFlags: 0
  m_PrefabParentObject: {fileID: 21239188, guid: e243f592d85cca441a6c6697432ef9e3,
    type: 2}
  m_PrefabInternal: {fileID: 1209635448}
  m_GameObject: {fileID: 1770920636}
  m_Enabled: 1
  m_CastShadows: 0
  m_ReceiveShadows: 0
  m_LightmapIndex: 255
  m_LightmapTilingOffset: {x: 1, y: 1, z: 0, w: 0}
  m_Materials:
  - {fileID: 2100000, guid: fe719804dd2a58c4da00e81b42b74f0c, type: 2}
  m_SubsetIndices: 
  m_StaticBatchRoot: {fileID: 0}
  m_UseLightProbes: 0
  m_LightProbeAnchor: {fileID: 0}
  m_ScaleInLightmap: 1
  m_SortingLayerID: 2399092869
  m_SortingOrder: 0
  m_Sprite: {fileID: 21300000, guid: dc6052ce8e9c71444b03fa70fd1a1dce, type: 3}
  m_Color: {r: 1, g: 1, b: 1, a: 1}
--- !u!1 &1839907606
GameObject:
  m_ObjectHideFlags: 0
  m_PrefabParentObject: {fileID: 100014, guid: 899fff93769664df79b832e7ced8b40a, type: 2}
  m_PrefabInternal: {fileID: 1332276946}
  serializedVersion: 4
  m_Component:
  - 4: {fileID: 1839907607}
  m_Layer: 0
  m_Name: Core
  m_TagString: Untagged
  m_Icon: {fileID: 0}
  m_NavMeshLayer: 0
  m_StaticEditorFlags: 0
  m_IsActive: 1
--- !u!4 &1839907607
Transform:
  m_ObjectHideFlags: 0
  m_PrefabParentObject: {fileID: 400014, guid: 899fff93769664df79b832e7ced8b40a, type: 2}
  m_PrefabInternal: {fileID: 1332276946}
  m_GameObject: {fileID: 1839907606}
  m_LocalRotation: {x: 0, y: 0, z: 0, w: 1}
  m_LocalPosition: {x: 0, y: 0, z: 0}
  m_LocalScale: {x: 1, y: 1, z: 1}
  m_Children:
  - {fileID: 2142393194}
  - {fileID: 2133576452}
  m_Father: {fileID: 922617370}
  m_RootOrder: 0
--- !u!1 &1950881366
GameObject:
  m_ObjectHideFlags: 0
  m_PrefabParentObject: {fileID: 139164, guid: e243f592d85cca441a6c6697432ef9e3, type: 2}
  m_PrefabInternal: {fileID: 1209635448}
  serializedVersion: 4
  m_Component:
  - 4: {fileID: 1950881367}
  - 212: {fileID: 1950881368}
  m_Layer: 9
  m_Name: L_Arm
  m_TagString: Untagged
  m_Icon: {fileID: 0}
  m_NavMeshLayer: 0
  m_StaticEditorFlags: 0
  m_IsActive: 1
--- !u!4 &1950881367
Transform:
  m_ObjectHideFlags: 0
  m_PrefabParentObject: {fileID: 439164, guid: e243f592d85cca441a6c6697432ef9e3, type: 2}
  m_PrefabInternal: {fileID: 1209635448}
  m_GameObject: {fileID: 1950881366}
  m_LocalRotation: {x: 0, y: 0, z: .183667868, w: .982988358}
  m_LocalPosition: {x: -.194690302, y: .285680324, z: 0}
  m_LocalScale: {x: 1, y: 1, z: 1}
  m_Children:
  - {fileID: 1742618251}
  m_Father: {fileID: 806736817}
  m_RootOrder: 2
--- !u!212 &1950881368
SpriteRenderer:
  m_ObjectHideFlags: 0
  m_PrefabParentObject: {fileID: 21239174, guid: e243f592d85cca441a6c6697432ef9e3,
    type: 2}
  m_PrefabInternal: {fileID: 1209635448}
  m_GameObject: {fileID: 1950881366}
  m_Enabled: 1
  m_CastShadows: 0
  m_ReceiveShadows: 0
  m_LightmapIndex: 255
  m_LightmapTilingOffset: {x: 1, y: 1, z: 0, w: 0}
  m_Materials:
  - {fileID: 10754, guid: 0000000000000000e000000000000000, type: 0}
  m_SubsetIndices: 
  m_StaticBatchRoot: {fileID: 0}
  m_UseLightProbes: 0
  m_LightProbeAnchor: {fileID: 0}
  m_ScaleInLightmap: 1
  m_SortingLayerID: 2399092869
  m_SortingOrder: -1
  m_Sprite: {fileID: 21300006, guid: 4490f1412dc994f388fc54fca1b26794, type: 3}
  m_Color: {r: 1, g: 1, b: 1, a: 1}
--- !u!1 &2123349894
GameObject:
  m_ObjectHideFlags: 0
  m_PrefabParentObject: {fileID: 100016, guid: 899fff93769664df79b832e7ced8b40a, type: 2}
  m_PrefabInternal: {fileID: 1332276946}
  serializedVersion: 4
  m_Component:
  - 4: {fileID: 2123349895}
  - 212: {fileID: 2123349896}
  m_Layer: 0
  m_Name: Arm_R_Upper
  m_TagString: Untagged
  m_Icon: {fileID: 0}
  m_NavMeshLayer: 0
  m_StaticEditorFlags: 0
  m_IsActive: 1
--- !u!4 &2123349895
Transform:
  m_ObjectHideFlags: 0
  m_PrefabParentObject: {fileID: 400016, guid: 899fff93769664df79b832e7ced8b40a, type: 2}
  m_PrefabInternal: {fileID: 1332276946}
  m_GameObject: {fileID: 2123349894}
  m_LocalRotation: {x: 0, y: 0, z: 0, w: 1}
  m_LocalPosition: {x: 0, y: 0, z: 0}
  m_LocalScale: {x: 1, y: 1, z: 1}
  m_Children: []
  m_Father: {fileID: 967033906}
  m_RootOrder: 1
--- !u!212 &2123349896
SpriteRenderer:
  m_ObjectHideFlags: 0
  m_PrefabParentObject: {fileID: 21200010, guid: 899fff93769664df79b832e7ced8b40a,
    type: 2}
  m_PrefabInternal: {fileID: 1332276946}
  m_GameObject: {fileID: 2123349894}
  m_Enabled: 1
  m_CastShadows: 0
  m_ReceiveShadows: 0
  m_LightmapIndex: 255
  m_LightmapTilingOffset: {x: 1, y: 1, z: 0, w: 0}
  m_Materials:
  - {fileID: 10754, guid: 0000000000000000e000000000000000, type: 0}
  m_SubsetIndices: 
  m_StaticBatchRoot: {fileID: 0}
  m_UseLightProbes: 0
  m_LightProbeAnchor: {fileID: 0}
  m_ScaleInLightmap: 1
  m_SortingLayerID: 2399092869
  m_SortingOrder: 0
  m_Sprite: {fileID: 0}
  m_Color: {r: 1, g: 1, b: 1, a: 1}
--- !u!1 &2133576451
GameObject:
  m_ObjectHideFlags: 0
  m_PrefabParentObject: {fileID: 100042, guid: 899fff93769664df79b832e7ced8b40a, type: 2}
  m_PrefabInternal: {fileID: 1332276946}
  serializedVersion: 4
  m_Component:
  - 4: {fileID: 2133576452}
  - 212: {fileID: 2133576453}
  m_Layer: 0
  m_Name: Player_Crotch
  m_TagString: Untagged
  m_Icon: {fileID: 0}
  m_NavMeshLayer: 0
  m_StaticEditorFlags: 0
  m_IsActive: 1
--- !u!4 &2133576452
Transform:
  m_ObjectHideFlags: 0
  m_PrefabParentObject: {fileID: 400042, guid: 899fff93769664df79b832e7ced8b40a, type: 2}
  m_PrefabInternal: {fileID: 1332276946}
  m_GameObject: {fileID: 2133576451}
  m_LocalRotation: {x: 0, y: 0, z: 0, w: 1}
  m_LocalPosition: {x: 0, y: 0, z: 0}
  m_LocalScale: {x: 1, y: 1, z: 1}
  m_Children:
  - {fileID: 1171842116}
  m_Father: {fileID: 1839907607}
  m_RootOrder: 1
--- !u!212 &2133576453
SpriteRenderer:
  m_ObjectHideFlags: 0
  m_PrefabParentObject: {fileID: 21200030, guid: 899fff93769664df79b832e7ced8b40a,
    type: 2}
  m_PrefabInternal: {fileID: 1332276946}
  m_GameObject: {fileID: 2133576451}
  m_Enabled: 1
  m_CastShadows: 0
  m_ReceiveShadows: 0
  m_LightmapIndex: 255
  m_LightmapTilingOffset: {x: 1, y: 1, z: 0, w: 0}
  m_Materials:
  - {fileID: 10754, guid: 0000000000000000e000000000000000, type: 0}
  m_SubsetIndices: 
  m_StaticBatchRoot: {fileID: 0}
  m_UseLightProbes: 0
  m_LightProbeAnchor: {fileID: 0}
  m_ScaleInLightmap: 1
  m_SortingLayerID: 2399092869
  m_SortingOrder: -1
  m_Sprite: {fileID: 21300002, guid: eca56989dc81a4df8b54c2aaaac230cb, type: 3}
  m_Color: {r: 1, g: 1, b: 1, a: 1}
--- !u!1 &2142393193
GameObject:
  m_ObjectHideFlags: 0
  m_PrefabParentObject: {fileID: 100024, guid: 899fff93769664df79b832e7ced8b40a, type: 2}
  m_PrefabInternal: {fileID: 1332276946}
  serializedVersion: 4
  m_Component:
  - 4: {fileID: 2142393194}
  - 212: {fileID: 2142393195}
  m_Layer: 0
  m_Name: Player_Torso
  m_TagString: Untagged
  m_Icon: {fileID: 0}
  m_NavMeshLayer: 0
  m_StaticEditorFlags: 0
  m_IsActive: 1
--- !u!4 &2142393194
Transform:
  m_ObjectHideFlags: 0
  m_PrefabParentObject: {fileID: 400024, guid: 899fff93769664df79b832e7ced8b40a, type: 2}
  m_PrefabInternal: {fileID: 1332276946}
  m_GameObject: {fileID: 2142393193}
  m_LocalRotation: {x: 0, y: 0, z: 0, w: 1}
  m_LocalPosition: {x: .0152970003, y: 0, z: 0}
  m_LocalScale: {x: 1, y: 1, z: 1}
  m_Children:
  - {fileID: 1589378242}
  - {fileID: 1630694163}
  - {fileID: 1330105075}
  m_Father: {fileID: 1839907607}
  m_RootOrder: 0
--- !u!212 &2142393195
SpriteRenderer:
  m_ObjectHideFlags: 0
  m_PrefabParentObject: {fileID: 21200016, guid: 899fff93769664df79b832e7ced8b40a,
    type: 2}
  m_PrefabInternal: {fileID: 1332276946}
  m_GameObject: {fileID: 2142393193}
  m_Enabled: 1
  m_CastShadows: 0
  m_ReceiveShadows: 0
  m_LightmapIndex: 255
  m_LightmapTilingOffset: {x: 1, y: 1, z: 0, w: 0}
  m_Materials:
  - {fileID: 10754, guid: 0000000000000000e000000000000000, type: 0}
  m_SubsetIndices: 
  m_StaticBatchRoot: {fileID: 0}
  m_UseLightProbes: 0
  m_LightProbeAnchor: {fileID: 0}
  m_ScaleInLightmap: 1
  m_SortingLayerID: 2399092869
  m_SortingOrder: 0
  m_Sprite: {fileID: 21300004, guid: eca56989dc81a4df8b54c2aaaac230cb, type: 3}
  m_Color: {r: 1, g: 1, b: 1, a: 1}
