%YAML 1.1
%TAG !u! tag:unity3d.com,2011:
--- !u!91 &9100000
AnimatorController:
  m_ObjectHideFlags: 0
  m_PrefabParentObject: {fileID: 0}
  m_PrefabInternal: {fileID: 0}
  m_Name: Tentacle
  serializedVersion: 2
  m_AnimatorParameters:
  - m_Name: trigger
    m_Type: 9
    m_DefaultFloat: 0
    m_DefaultInt: 0
    m_DefaultBool: 0
    m_Controller: {fileID: 9100000}
  - m_Name: selfDestory
    m_Type: 4
    m_DefaultFloat: 0
    m_DefaultInt: 0
    m_DefaultBool: 0
    m_Controller: {fileID: 9100000}
  m_AnimatorLayers:
  - serializedVersion: 3
    m_Name: Base Layer
    m_StateMachine: {fileID: 110700000}
    m_Mask: {fileID: 0}
    m_BlendingMode: 0
    m_SyncedLayerIndex: -1
    m_StateMachineMotionSetIndex: 0
    m_DefaultWeight: 0
    m_IKPass: 0
    m_SyncedLayerAffectsTiming: 0
    m_Controller: {fileID: 9100000}
--- !u!1101 &110110086
Transition:
  serializedVersion: 2
  m_ObjectHideFlags: 3
  m_PrefabParentObject: {fileID: 0}
  m_PrefabInternal: {fileID: 0}
  m_Name: 
  m_SrcState: {fileID: 110251101}
  m_DstState: {fileID: 110287919}
  m_TransitionDuration: .25
  m_TransitionOffset: 0
  m_Conditions:
  - m_ConditionMode: 5
    m_ConditionEvent: trigger
    m_EventTreshold: 0
    m_ExitTime: .75
  m_Atomic: 1
  m_Solo: 0
  m_Mute: 0
  m_CanTransitionToSelf: 0
--- !u!1101 &110115896
Transition:
  serializedVersion: 2
  m_ObjectHideFlags: 3
  m_PrefabParentObject: {fileID: 0}
  m_PrefabInternal: {fileID: 0}
  m_Name: 
  m_SrcState: {fileID: 110287919}
  m_DstState: {fileID: 110238633}
  m_TransitionDuration: .166666672
  m_TransitionOffset: 0
  m_Conditions:
  - m_ConditionMode: 5
    m_ConditionEvent: trigger
    m_EventTreshold: 0
    m_ExitTime: .833333313
  m_Atomic: 0
  m_Solo: 0
  m_Mute: 0
  m_CanTransitionToSelf: 0
--- !u!1101 &110142086
Transition:
  serializedVersion: 2
  m_ObjectHideFlags: 3
  m_PrefabParentObject: {fileID: 0}
  m_PrefabInternal: {fileID: 0}
  m_Name: 
  m_SrcState: {fileID: 110298960}
  m_DstState: {fileID: 110214093}
  m_TransitionDuration: .25
  m_TransitionOffset: 0
  m_Conditions:
  - m_ConditionMode: 1
    m_ConditionEvent: selfDestory
    m_EventTreshold: 0
    m_ExitTime: .75
  m_Atomic: 1
  m_Solo: 0
  m_Mute: 0
  m_CanTransitionToSelf: 0
--- !u!1101 &110146934
Transition:
  serializedVersion: 2
  m_ObjectHideFlags: 3
  m_PrefabParentObject: {fileID: 0}
  m_PrefabInternal: {fileID: 0}
  m_Name: 
  m_SrcState: {fileID: 110200000}
  m_DstState: {fileID: 110251101}
  m_TransitionDuration: .166666672
  m_TransitionOffset: 0
  m_Conditions:
  - m_ConditionMode: 1
    m_ConditionEvent: trigger
    m_EventTreshold: 0
    m_ExitTime: .833333313
  m_Atomic: 1
  m_Solo: 0
  m_Mute: 0
  m_CanTransitionToSelf: 0
--- !u!1101 &110180394
Transition:
  serializedVersion: 2
  m_ObjectHideFlags: 3
  m_PrefabParentObject: {fileID: 0}
  m_PrefabInternal: {fileID: 0}
  m_Name: 
  m_SrcState: {fileID: 110224169}
  m_DstState: {fileID: 110200000}
  m_TransitionDuration: .5
  m_TransitionOffset: 0
  m_Conditions:
  - m_ConditionMode: 5
    m_ConditionEvent: selfDestory
    m_EventTreshold: 0
    m_ExitTime: .5
  m_Atomic: 1
  m_Solo: 0
  m_Mute: 0
  m_CanTransitionToSelf: 0
--- !u!1101 &110192636
Transition:
  serializedVersion: 2
  m_ObjectHideFlags: 3
  m_PrefabParentObject: {fileID: 0}
  m_PrefabInternal: {fileID: 0}
  m_Name: 
  m_SrcState: {fileID: 110238633}
  m_DstState: {fileID: 110298960}
  m_TransitionDuration: .245901644
  m_TransitionOffset: 0
  m_Conditions:
  - m_ConditionMode: 5
    m_ConditionEvent: selfDestory
    m_EventTreshold: 0
    m_ExitTime: .754098356
  m_Atomic: 1
  m_Solo: 0
  m_Mute: 0
  m_CanTransitionToSelf: 0
--- !u!1102 &110200000
State:
  m_ObjectHideFlags: 3
  m_PrefabParentObject: {fileID: 0}
  m_PrefabInternal: {fileID: 0}
  m_Name: hole_idle
  m_Speed: 1
  m_CycleOffset: 0
  m_Motions:
  - {fileID: 7400000, guid: 745cecb457cea42d7bed35ea18f3f58e, type: 2}
  m_ParentStateMachine: {fileID: 110700000}
  m_Position: {x: 60, y: 132, z: 0}
  m_IKOnFeet: 0
  m_Mirror: 0
  m_Tag: 
--- !u!1102 &110214093
State:
  m_ObjectHideFlags: 3
  m_PrefabParentObject: {fileID: 0}
  m_PrefabInternal: {fileID: 0}
  m_Name: hole_close
  m_Speed: 1
  m_CycleOffset: 0
  m_Motions:
  - {fileID: 7400000, guid: 2420c88911918425e9d4890364a10686, type: 2}
  m_ParentStateMachine: {fileID: 110700000}
  m_Position: {x: 372, y: 144, z: 0}
  m_IKOnFeet: 0
  m_Mirror: 0
  m_Tag: 
--- !u!1102 &110224169
State:
  m_ObjectHideFlags: 3
  m_PrefabParentObject: {fileID: 0}
  m_PrefabInternal: {fileID: 0}
  m_Name: hole_spawn
  m_Speed: 1
  m_CycleOffset: 0
  m_Motions:
  - {fileID: 7400000, guid: 6ba228066c61043179a408cc6b9d27b8, type: 2}
  m_ParentStateMachine: {fileID: 110700000}
  m_Position: {x: 60, y: 0, z: 0}
  m_IKOnFeet: 0
  m_Mirror: 0
  m_Tag: 
--- !u!1102 &110238633
State:
  m_ObjectHideFlags: 3
  m_PrefabParentObject: {fileID: 0}
  m_PrefabInternal: {fileID: 0}
  m_Name: tentacle_retract
  m_Speed: 1
  m_CycleOffset: 0
  m_Motions:
  - {fileID: 7400000, guid: 36c623f72092947dda171e5a61d54590, type: 2}
  m_ParentStateMachine: {fileID: 110700000}
  m_Position: {x: 60, y: 384, z: 0}
  m_IKOnFeet: 0
  m_Mirror: 0
  m_Tag: 
--- !u!1102 &110251101
State:
  m_ObjectHideFlags: 3
  m_PrefabParentObject: {fileID: 0}
  m_PrefabInternal: {fileID: 0}
  m_Name: tentacle_extend
  m_Speed: 1
  m_CycleOffset: 0
  m_Motions:
  - {fileID: 7400000, guid: 5832577fc17fc420a9d43761472510bc, type: 2}
  m_ParentStateMachine: {fileID: 110700000}
  m_Position: {x: -168, y: 204, z: 0}
  m_IKOnFeet: 0
  m_Mirror: 0
  m_Tag: 
--- !u!1102 &110271374
State:
  m_ObjectHideFlags: 3
  m_PrefabParentObject: {fileID: 0}
  m_PrefabInternal: {fileID: 0}
  m_Name: tentacle_idle
  m_Speed: 1
  m_CycleOffset: 0
  m_Motions:
  - {fileID: 7400000, guid: c28cf1dff775f4e20af7139de4428639, type: 2}
  m_ParentStateMachine: {fileID: 110700000}
  m_Position: {x: 384, y: 12, z: 0}
  m_IKOnFeet: 0
  m_Mirror: 0
  m_Tag: 
--- !u!1102 &110287919
State:
  m_ObjectHideFlags: 3
  m_PrefabParentObject: {fileID: 0}
  m_PrefabInternal: {fileID: 0}
  m_Name: tentacle_attack
  m_Speed: 1
  m_CycleOffset: 0
  m_Motions:
  - {fileID: 7400000, guid: 289a235ed78b2420787cce235dd25bbe, type: 2}
  m_ParentStateMachine: {fileID: 110700000}
  m_Position: {x: -168, y: 288, z: 0}
  m_IKOnFeet: 0
  m_Mirror: 0
  m_Tag: 
--- !u!1102 &110298960
State:
  m_ObjectHideFlags: 3
  m_PrefabParentObject: {fileID: 0}
  m_PrefabInternal: {fileID: 0}
  m_Name: idle
  m_Speed: 1
  m_CycleOffset: 0
  m_Motions:
  - {fileID: 7400000, guid: 745cecb457cea42d7bed35ea18f3f58e, type: 2}
  m_ParentStateMachine: {fileID: 110700000}
  m_Position: {x: 312, y: 264, z: 0}
  m_IKOnFeet: 0
  m_Mirror: 0
  m_Tag: 
--- !u!1107 &110700000
StateMachine:
  serializedVersion: 2
  m_ObjectHideFlags: 3
  m_PrefabParentObject: {fileID: 0}
  m_PrefabInternal: {fileID: 0}
  m_Name: Base Layer
  m_DefaultState: {fileID: 110224169}
  m_States:
  - {fileID: 110200000}
  - {fileID: 110224169}
  - {fileID: 110214093}
  - {fileID: 110271374}
  - {fileID: 110251101}
  - {fileID: 110238633}
  - {fileID: 110287919}
  - {fileID: 110298960}
  m_ChildStateMachine: []
  m_ChildStateMachinePosition: []
  m_OrderedTransitions:
    data:
      first: {fileID: 110298960}
      second:
      - {fileID: 110142086}
    data:
      first: {fileID: 110224169}
      second:
      - {fileID: 110180394}
    data:
      first: {fileID: 110200000}
      second:
      - {fileID: 110146934}
    data:
      first: {fileID: 110214093}
      second: []
    data:
      first: {fileID: 110271374}
      second: []
    data:
      first: {fileID: 110251101}
      second:
      - {fileID: 110110086}
    data:
      first: {fileID: 110238633}
      second:
      - {fileID: 110192636}
    data:
      first: {fileID: 110287919}
      second:
      - {fileID: 110115896}
  m_MotionSetCount: 1
  m_AnyStatePosition: {x: -192, y: -12, z: 0}
  m_ParentStateMachinePosition: {x: 800, y: 20, z: 0}
